
@misc{jockers_revealing_2015,
	title = {Revealing {Sentiment} and {Plot} {Arcs} with the {Syuzhet} {Package} {Matthew} {L}. {Jockers}},
	url = {https://www.matthewjockers.net/2015/02/02/syuzhet/},
	language = {en-US},
	urldate = {2022-11-05},
	author = {Jockers, Matthew},
	year = {2015},
	keywords = {plot analysis, semantics},
	file = {Snapshot:/Users/lion/Zotero/storage/ECUS9T4N/syuzhet.html:text/html},
}

@incollection{worner_exmaralda_2014,
	title = {{EXMARaLDA}},
	url = {https://exmaralda.org/de/},
	language = {de-DE},
	urldate = {2022-11-20},
	booktitle = {Handbook on {Corpus} {Phonology}},
	publisher = {Oxford University Press},
	author = {WÃ¶rner, K. and Schmidt, T.},
	year = {2014},
	pages = {402--419},
	file = {Snapshot:/Users/lion/Zotero/storage/MLU2RZCJ/de.html:text/html},
}

@misc{elan_elan_2022,
	title = {{ELAN} ({Version} 6.4) [{Computer} software]},
	shorttitle = {Nijmegen: {Max} {Planck} {Institute} for {Psycholinguistics}, {The} {Language} {Archive}},
	url = {https://archive.mpi.nl/tla/elan},
	urldate = {2022-11-20},
	author = {ELAN},
	year = {2022},
	file = {ELAN | The Language Archive:/Users/lion/Zotero/storage/L68RPA43/elan.html:text/html},
}
