@proceedings{fischer_frank_2019_4284002,
  title        = {{Programmable Corpora: Introducing DraCor, an 
                   Infrastructure for the Research on European Drama}},
  year         = 2019,
  publisher    = {Zenodo},
  month        = jul,
  doi          = {10.5281/zenodo.4284002},
  url          = {https://doi.org/10.5281/zenodo.4284002}
}