
@misc{cakir_dramatische_2022,
	address = {Potsdam},
	title = {Dramatische {Metadaten} - {Die} {Datenbank} deutschsprachiger {Einakter} 1740–1850},
	url = {https://zenodo.org/record/6327977},
	abstract = {Die Einakterdatenbank stellt Metadaten zu den zwischen 1740 und 1850 veröffentlichten deutschsprachigen Einakter zur Verfügung und bereitet sie für die literaturwissenschaftliche Forschung auf. Ein Beitrag zur 8. Tagung des Verbands "Digital Humanities im deutschsprachigen Raum" - DHd 2022 Kulturen des digitalen Gedächtnisses.},
	urldate = {2022-08-14},
	author = {Çakir, Dîlan Canan and Fischer, Frank},
	month = mar,
	year = {2022},
	doi = {10.5281/zenodo.6327977},
	note = {Conference Name: DHd 2022 Kulturen des digitalen Gedächtnisses. 8. Tagung des Verbands "Digital Humanities im deutschsprachigen Raum" (DHd 2022)
Publisher: Zenodo},
	keywords = {Literatur, API, Archivierung, Datenbank, DHd2022, Drama, Einakter, Metadaten},
	file = {Zenodo Full Text PDF:/Users/guhl/Zotero/storage/47F3BDXX/Çakir und Fischer - 2022 - Dramatische Metadaten - Die Datenbank deutschsprac.pdf:application/pdf},
}

@misc{einakter_einakter_2022,
	title = {Einakter: {Klemm}, {Christian} {Gottlob}: {Der} {Besuch}},
	url = {https://einakter.dracor.org/klemm-der-besuch},
	urldate = {2022-08-14},
	author = {einakter and Klemm, Christian Gottlob},
	year = {2022},
	file = {Einakter\: Klemm, Christian Gottlob\: Der Besuch:/Users/guhl/Zotero/storage/XDDZSV5G/klemm-der-besuch.html:text/html},
}

@article{pockelmann_lera_2022,
	title = {{LERA} - {An} interactive platform for synoptical representations of multiple text witnesses},
	url = {https://lera.uzi.uni-halle.de/about?lang=de},
	journal = {Digital Scholarship in the Humanities (DSH)},
	author = {Pöckelmann, Marcus and Medek, André and Ritter, Jörg and Molitor, Paul},
	year = {2022},
	keywords = {DH, LERA, sources},
	annote = {Will appear in: Digital Scholarship in the Humanities (DSH). Oxford University Press 2022.},
}

@misc{poggel_10_2022,
	title = {10. {Sitzung}: {Netzwerkanalyse}},
	url = {https://lipogg.github.io/r-tutorium-website/tutorium10_11072022_netzwerke.html},
	urldate = {2022-08-01},
	author = {Poggel, Lisa},
	year = {2022},
	keywords = {network, R, tutorium},
	file = {10. Sitzung\: Netzwerkanalyse:/Users/guhl/Zotero/storage/PMZTLWLA/tutorium10_11072022_netzwerke.html:text/html},
}

@misc{franceschet_communities_2022,
	title = {Communities in igraph},
	url = {https://users.dimi.uniud.it/~massimo.franceschet/R/communities.html},
	urldate = {2022-08-01},
	author = {Franceschet, Massimo},
	year = {2022},
	keywords = {network, R},
	file = {Communities in igraph:/Users/guhl/Zotero/storage/TA2RLQE4/communities.html:text/html},
}

@misc{tei_history_1987,
	title = {History – {TEI}: {Text} {Encoding} {Initiative}},
	url = {https://tei-c.org/about/history/},
	urldate = {2022-07-31},
	author = {TEI},
	year = {1987},
	keywords = {history, tei},
	file = {History – TEI\: Text Encoding Initiative:/Users/guhl/Zotero/storage/WNNUVZPN/history.html:text/html},
}

@misc{fischer_programmable_2019,
	address = {Utrecht},
	title = {Programmable {Corpora}: {Introducing} {DraCor}, an {Infrastructure} for the {Research} on {European} {Drama}},
	shorttitle = {Programmable {Corpora}},
	url = {https://zenodo.org/record/4284002},
	abstract = {DraCor (short for "drama corpora") is a growing collection of TEI-encoded plays in (mostly) European languages. The project showcases the concept of "Programmable Corpora", conceived as research ecosystems revolving around an API that provides access to bespoke slices of extracted data. DraCor also exposes a SPARQL endpoint to connect its semantic entities (authors, plays, characters, etc.) to the Linked Open Data cloud.},
	language = {eng},
	urldate = {2022-07-31},
	author = {Fischer, Frank and Börner, Ingo and Göbel, Mathias and Hechtl, Angelika and Kittel, Christopher and Milling, Carsten and Trilcke, Peer},
	month = jul,
	year = {2019},
	doi = {10.5281/zenodo.4284002},
	note = {Conference Name: Digital Humanities 2019: "Complexities" (DH2019)
Publisher: Zenodo},
	keywords = {Literary Studies, Drama, Digital Humanities, dracor, Linked Open Data, main, Text Encoding Initiative},
	file = {Zenodo Full Text PDF:/Users/guhl/Zotero/storage/NCIF2PPA/Fischer et al. - 2019 - Programmable Corpora Introducing DraCor, an Infra.pdf:application/pdf},
}

@misc{read-coop_transkribus_2022,
	title = {Transkribus},
	url = {https://readcoop.eu/transkribus/},
	abstract = {Transkribus User Conference 2022 Join us on 29-30 September to reconnect and learn about the latest advances in Handwritten Text Recognition. Learn more »},
	language = {en-GB},
	urldate = {2022-07-31},
	journal = {READ-COOP},
	author = {read-coop},
	year = {2022},
	keywords = {klemm, transkription},
	file = {Snapshot:/Users/guhl/Zotero/storage/8Q67GCVF/transkribus.html:text/html},
}

@misc{wikisource_besuch_1765,
	title = {Der {Besuch} ({Klemm}) – {Wikisource}},
	url = {https://de.wikisource.org/wiki/Der_Besuch_(Klemm)},
	language = {de},
	urldate = {2022-07-31},
	author = {wikisource and Klemm, Christian Gottlob},
	year = {1765},
	keywords = {klemm},
	file = {Snapshot:/Users/guhl/Zotero/storage/6FX8L9XQ/Der_Besuch_(Klemm).html:text/html},
}

@misc{lippert_wiener_2020,
	title = {Das {Wiener} {Theater} zwischen {Verlachkomödie} und rührendem {Lustspiel} - {Christian} {Gottlob} {Klemms} „{Die} {Wohlthaten} unter {Anverwandten}“ will erzieherisch wirken : literaturkritik.de},
	shorttitle = {Das {Wiener} {Theater} zwischen {Verlachkomödie} und rührendem {Lustspiel} - {Christian} {Gottlob} {Klemms} „{Die} {Wohlthaten} unter {Anverwandten}“ will erzieherisch wirken},
	url = {https://literaturkritik.de/klemm-wohlthaten-unter-anverwandten-wiener-theater-zwischen-verlachkomoedie-ruehrendem-lustspiel,26539.html},
	abstract = {Das Wiener Theater zwischen Verlachkomödie und rührendem LustspielChristian Gottlob Klemms „Die Wohlthaten unter Anverwandten“ will erzieherisch wirken},
	language = {de-DE},
	urldate = {2022-07-10},
	author = {Lippert, Maximilian},
	year = {2020},
	keywords = {klemm, kritik},
}

@article{zeldes_annis3_nodate,
	title = {{ANNIS3} - {Multiple} {Segmentation} {Corpora} {Guide}},
	language = {en},
	author = {Zeldes, Amir},
	keywords = {annis},
	file = {Zeldes - ANNIS3 - Multiple Segmentation Corpora Guide.pdf:/Users/guhl/Zotero/storage/HGB3RZ9X/Zeldes - ANNIS3 - Multiple Segmentation Corpora Guide.pdf:application/pdf},
}

@misc{jockers_revealing_2015,
	title = {Revealing {Sentiment} and {Plot} {Arcs} with the {Syuzhet} {Package} {Matthew} {L}. {Jockers}},
	url = {https://www.matthewjockers.net/2015/02/02/syuzhet/},
	language = {en-US},
	urldate = {2022-11-05},
	author = {Jockers, Matthew L.},
	year = {2015},
	keywords = {plot analysis, semantics},
	file = {Snapshot:/Users/guhl/Zotero/storage/ECUS9T4N/syuzhet.html:text/html},
}

@misc{reynaldo_distributions_nodate,
	title = {Distributions of {Function} {Words} {Across} {Narrative} {Time} in 50,000 {Novels} – {DH2018}},
	url = {https://dh2018.adho.org/en/distributions-of-function-words-across-narrative-time-in-50000-novels/},
	language = {en-US},
	urldate = {2022-11-05},
	author = {{Reynaldo}},
	keywords = {semantics},
	file = {Snapshot:/Users/guhl/Zotero/storage/RV5P36G4/distributions-of-function-words-across-narrative-time-in-50000-novels.html:text/html},
}

@misc{esteeschwarz_klemm_2022,
	title = {Klemm: {TEI} preprocessing {R} script.},
	url = {https://github.com/esteeschwarz/DH_essais/blob/main/sections/DD/klemm_HA/scripts/klemm_TEI_conversion_wks.R},
	language = {R},
	author = {esteeschwarz},
	year = {2022},
}

@misc{esteeschwarz_klemm_2022-1,
	title = {Klemm {HA} {RMarkdown} base: {This} page's source script.},
	url = {https://github.com/esteeschwarz/DH_essais/blob/main/sections/DD/klemm_HA/top/M/klemm_HA_temp_BASE.Rmd},
	urldate = {2022-10-03},
	author = {{esteeschwarz}},
	year = {2022},
}

@misc{noauthor_notitle_nodate,
}

@misc{meyer_extemporierte_1909,
	title = {„{Extemporierte} {Komödie}“, {Meyers} {Großes} {Konversationslexikon} (6. {Auflage}, 1905–1909), digitalisierte {Fassung} im {Wörterbuchnetz} des {Trier} {Center} for {Digital} {Humanities}, {Version} 01/21},
	url = {https://www.woerterbuchnetz.de/Meyers?lemid=E05652},
	urldate = {2022-10-03},
	author = {Meyer},
	year = {1909},
}

@misc{meyer_commedia_1909,
	title = {„{Commedia} dell' arte“, {Meyers} {Großes} {Konversationslexikon} (6. {Auflage}, 1905–1909), digitalisierte {Fassung} im {Wörterbuchnetz} des {Trier} {Center} for {Digital} {Humanities}, {Version} 01/21},
	url = {www.woerterbuchnetz.de/Meyers?lemid=C05074},
	urldate = {2022-10-03},
	author = {Meyer},
	year = {1909},
}

@misc{meyer_extemporieren_1909,
	title = {„{Extemporieren}“, {Meyers} {Großes} {Konversationslexikon} (6. {Auflage}, 1905–1909), digitalisierte {Fassung} im {Wörterbuchnetz} des {Trier} {Center} for {Digital} {Humanities}, {Version} 01/21},
	url = {www.woerterbuchnetz.de/Meyers?lemid=E05651},
	author = {Meyer},
	year = {1909},
}

@misc{reiter_quadramadramaanalysis_2020,
	title = {quadrama/{DramaAnalysis}: 3.0.2},
	shorttitle = {quadrama/{DramaAnalysis}},
	url = {https://zenodo.org/record/4051004/export/hx},
	abstract = {Changelog Minor fixes for CRAN compatibility Installation install.packages("DramaAnalysis)},
	urldate = {2022-09-26},
	publisher = {Zenodo},
	author = {Reiter, Nils and Pagel, Janis and Badger, The Gitter},
	month = sep,
	year = {2020},
	doi = {10.5281/zenodo.4051004},
	keywords = {klemm, drama, package},
	file = {Zenodo Snapshot:/Users/guhl/Zotero/storage/2KV9NAR3/hx.html:text/html},
}

@misc{dta_deutsches_2022,
	title = {Deutsches {Textarchiv}. query on {Klemm} specific expressions.},
	url = {https://www.deutschestextarchiv.de/search/plot/?query=%2F%5BhH%5Deurath%2F},
	urldate = {2022-09-26},
	author = {DTA and DWDS},
	year = {2022},
	keywords = {klemm, compare, DTA},
	file = {Deutsches Textarchiv:/Users/guhl/Zotero/storage/EVN8ZYBI/plot.html:text/html},
}

@misc{grimm_mannsbild_1871,
	title = {„{Mannsbild}, f.“, {Deutsches} {Wörterbuch} von {Jacob} {Grimm} und {Wilhelm} {Grimm}, digitalisierte {Fassung} im {Wörterbuchnetz} des {Trier} {Center} for {Digital} {Humanities}, {Version} 01/21},
	url = {https://www.woerterbuchnetz.de/DWB?lemid=M01033},
	urldate = {2022-09-21},
	author = {Grimm, Wilhelm and Grimm, Jacob},
	year = {1871},
}

@misc{grimm_mannsperson_1871,
	title = {„{Mannsperson}, f.“, {Deutsches} {Wörterbuch} von {Jacob} {Grimm} und {Wilhelm} {Grimm}, digitalisierte {Fassung} im {Wörterbuchnetz} des {Trier} {Center} for {Digital} {Humanities}, {Version} 01/21},
	url = {https://www.woerterbuchnetz.de/DWB?lemid=M01097},
	urldate = {2022-09-21},
	author = {Grimm, Wilhelm and Grimm, Jacob},
	year = {1871},
}

@misc{grimm_heirath_1871,
	title = {„{HEIRATH}, m. und f.“, {Deutsches} {Wörterbuch} von {Jacob} {Grimm} und {Wilhelm} {Grimm}, digitalisierte {Fassung} im {Wörterbuchnetz} des {Trier} {Center} for {Digital} {Humanities}, {Version} 01/21},
	url = {https://www.woerterbuchnetz.de/DWB?lemid=H05592},
	urldate = {2022-09-21},
	author = {Grimm, Wilhelm and Grimm, Jacob},
	year = {1871},
}

@misc{regexr_regexr_2022,
	title = {{RegExr}: {Learn}, {Build}, \& {Test} {Regular} {Expressions}},
	shorttitle = {{RegExr}},
	url = {https://regexr.com/},
	abstract = {RegExr is an online tool to learn, build, \& test Regular Expressions (RegEx / RegExp).},
	urldate = {2022-07-31},
	journal = {RegExr},
	author = {regexr},
	year = {2022},
	keywords = {klemm, regex},
	file = {Snapshot:/Users/guhl/Zotero/storage/PK7TLWZ5/6mr4b.html:text/html},
}

@misc{sonnenfels_mann_1783,
	title = {Der {Mann} ohne {Vorurtheil}. {In}: {Joseph} von {Sonnenfels} gesammelte {Schriften}. {Band} 3. {Münchner} {Digitalisierungszentrum}.},
	url = {https://mdz-nbn-resolving.de/details:bsb10604688},
	urldate = {2022-09-19},
	author = {Sonnenfels, Joseph v.},
	year = {1783},
	file = {'[Joseph von] Sonnenfels gesammelte Schriften. 3' - Details | MDZ:/Users/guhl/Zotero/storage/JEE3PBYU/bsb10604688.html:text/html},
}

@incollection{muller_historische_1772,
	address = {Wien},
	title = {Historische {Nachricht} vom {Anfange} des deutschen {Schauspiels} in {Wien} bis auf gegenwärtige {Zeit}},
	url = {https://www.digitale-sammlungen.de/view/bsb10115194?page=31},
	booktitle = {Genaue {Nachrichten} von beyden {Kaiserlich}-{Königlichen} {Schaubühnen} und andern öffentlichen {Ergötzlichkeiten} in {Wien} : {Mit} {Kupfern}.},
	publisher = {gedruckt bey Joseph Kurzböck, k.k. illirisch- und orient. Hofbuchdr. u. Buchhändlern},
	editor = {Müller, Johann Heinrich Friedrich},
	year = {1772},
	pages = {7--18},
}

@article{noauthor_historische_nodate,
	title = {Historische {Nachricht} vom {Anfange} des deutschen {Schauspiels} in {Wien} bis auf gegenwärtige {Zeit}", in: {Genaue} {Nachrichten} von beyden {Kaiserlich}-{Königlichen} {Schaubühnen} und andern öffentlichen {Ergötzlichkeiten} in {Wien} : {Mit} {Kupfern}. - {Preßburg} [u.a.] : {Löwen} 1772. {S}.7- 18.},
}

@misc{drama_dracor_2022,
	title = {{DraCor} {XML} model},
	url = {https://tei-c.org/release/xml/tei/custom/schema/relaxng/},
	abstract = {TEI scheme for drama pieces},
	author = {drama and DraCor},
	year = {2022},
}

@misc{dracor_klemm_2022,
	title = {Klemm: dracor {TEI}.},
	url = {https://dracor.org/api/corpora/ger/play/klemm-der-besuch/tei},
	abstract = {TEI conform},
	urldate = {2022-07-31},
	author = {DraCor and Klemm, Christian Gottlob},
	year = {2022},
	file = {:/Users/guhl/Zotero/storage/8XFBUF72/tei.xml:application/xml},
}

@misc{dracor_einakter_2022,
	title = {Einakter {Datenbank}: {Klemm} - {Der} {Besuch}.},
	url = {https://einakter.dracor.org/klemm-der-besuch},
	urldate = {2022-07-10},
	journal = {Einakter Datenbank},
	author = {DraCor and Klemm, Christian Gottlob},
	year = {2022},
	keywords = {klemm},
}

@misc{dracor_klemm_2022-1,
	title = {Klemm: {DraCor} – {Drama} {Corpora} {Project}},
	url = {https://dracor.org},
	abstract = {DraCor is not a website. DraCor is a showcase for the concept of Programmable Corpora. It revolves around an API that provides data extracted from TEI-encoded corpora. This website – dracor.org – uses this API to showcase some of the extractable information. Some data can be downloaded through the web interface. The more powerful, direct access point is the documented API.},
	language = {en},
	urldate = {2022-07-31},
	author = {DraCor},
	year = {2022},
	keywords = {klemm},
	file = {Snapshot:/Users/guhl/Zotero/storage/ATBIKBBH/klemm-der-besuch.html:text/html},
}

@book{google_klemm_1765,
	title = {Klemm: {Der} Österreichische {Patriot}: eine {Wochenschrift}. google books},
	shorttitle = {Der Österreichische {Patriot}},
	url = {https://books.google.de/books?id=P2nXk3Ib9LkC},
	language = {de},
	publisher = {Gedruckt u. zu finden bey Georg Ludwig Schulz},
	author = {google and Klemm, Christian Gottlob},
	year = {1765},
	note = {Google-Books-ID: P2nXk3Ib9LkC},
	keywords = {klemm, digitalisat, google},
	annote = {Der Besuch: pg. 577-592
},
}

@misc{mdz_klemm_1767,
	title = {Klemm, {Christian} {Gottlob}: {Christian} {Gottlieb} {Klemm}'s {Beyträge} zum {Deutschen} {Theater}. 1, {Bild} 122 von 620. {Münchener} {Digitalisierungszentrum}, {Bayerische} {Staatsbibliothek}.},
	url = {https://www.digitale-sammlungen.de/de/view/bsb10112352?page=122,123},
	urldate = {2022-07-31},
	author = {MDZ and Klemm, Christian Gottlob},
	year = {1767},
	keywords = {klemm, digitalisat, mdz},
	file = {Klemm, Christian Gottlob\: Christian Gottlieb Klemm's Beyträge zum Deutschen Theater. 1, Bild 122 von 620 | MDZ:/Users/guhl/Zotero/storage/R2SQ7QHA/bsb10112352.html:text/html},
}

@misc{onb_klemm_1765,
	title = {Klemm: {Der} Österreichische {Patriot}: eine {Wochenschrift}. Österreichische {Nationalbibliothek}.},
	url = {https://digital.onb.ac.at/OnbViewer/viewer.faces?doc=ABO_%2BZ184248300},
	urldate = {2022-07-31},
	author = {ÖNB and Klemm, Christian Gottlob},
	year = {1765},
	keywords = {klemm, digitalisat, önb},
	file = {Der Österreichische Patriot\: eine Wochenschrift. ÖNB:/Users/guhl/Zotero/storage/ILAWD2VN/viewer.html:text/html},
}

@misc{rstudio_rstudio_2022,
	title = {{RStudio} {IDE}},
	url = {https://www.rstudio.com/products/rstudio/download/},
	abstract = {RStudio is a set of integrated tools designed to help you be more productive with R. It includes a console, syntax-highlighting editor that supports direct code execution, and a variety of robust tools for plotting, viewing history, debugging and managing your workspace.},
	language = {en},
	urldate = {2022-07-30},
	author = {RStudio and PBC},
	year = {2022},
	file = {Snapshot:/Users/guhl/Zotero/storage/FGVQFE3M/download.html:text/html},
}

@book{killy_literaturlexikon_2009,
	series = {Killy {Literaturlexikon}. {Autoren} und {Werke} des deutschsprachigen {Kulturraums}},
	title = {Literaturlexikon. {Band} 6 {Huh} – {Kräf}},
	volume = {6},
	isbn = {978-3-11-021394-2},
	shorttitle = {killy\_2009},
	url = {https://www.degruyter.com/document/doi/10.1515/9783110213942/html},
	language = {de},
	urldate = {2022-08-14},
	publisher = {De Gruyter},
	author = {Killy, Walter},
	editor = {Kühlmann, Wilhelm},
	month = sep,
	year = {2009},
	doi = {10.1515/9783110213942},
	note = {Publication Title: Band 6 Huh – Kräf},
	keywords = {klemm, bio, Literatur /Lexikon, Wörterbuch},
}

@misc{kurschner_klemm_1882,
	title = {Klemm, {Christian} {Gottlob} - {Deutsche} {Biographie}},
	copyright = {https://www.deutsche-biographie.de/impressum},
	url = {https://www.deutsche-biographie.de/gnd100303935.html},
	abstract = {Biografische Information zu Klemm, Christian Gottlob, Biografienachweise, Quellen, Quellennachweise, Literatur, Literaturnachweise Portrait, Porträtnachweise, Objekte, Objektnachweise, Verbindungen, Orte , Klemm, Christian Gottlob; Klemm, Chr. G.; Klemm, Chr. Gottlob; Klemm, Christian G.; Klemm, Christian Gottlieb. @mod},
	language = {de},
	urldate = {2022-07-31},
	author = {Kürschner, Joseph and ADB},
	year = {1882},
	note = {Publisher: Bayerische Staatsbibliothek},
	keywords = {klemm, bio, adb},
	annote = {Kürschner, Joseph, "Klemm, Christian Gottlob" in: Allgemeine Deutsche Biographie 16 (1882), S. 151-152 [Online-Version]; URL: https://www.deutsche-biographie.de/pnd100303935.html\#adbcontent
},
	file = {Snapshot:/Users/guhl/Zotero/storage/FZBFH8XW/gnd100303935.html:text/html},
}

@book{bender_teil_2012,
	series = {Theaterperiodika des 18. {Jahrhunderts} {Bibliographie} und inhaltliche {Erschließung} deutschsprachiger {Theaterzeitschriften}, {Theaterkalender} und {Theatertaschenbücher}},
	title = {Teil 1 1750 - 1780: {Bd}. 1. {Bibliographie}, {Inhaltsverzeichnisse} und {Einzelregister}; {Bd}. 2. {Gesamtregister}},
	volume = {1},
	isbn = {978-3-11-097657-1},
	shorttitle = {Teil 1 1750 - 1780},
	url = {https://www.degruyter.com/document/doi/10.1515/9783110976571/html},
	language = {de},
	urldate = {2022-09-19},
	publisher = {De Gruyter Saur},
	author = {Bender, Wolfgang and Bushuven, Siegfried and Huesmann, Michael},
	month = oct,
	year = {2012},
	doi = {10.1515/9783110976571},
	note = {Publication Title: Teil 1 1750 - 1780},
	keywords = {klemm, Bibliographie, Deutsches Sprachgebiet, Geschichte 1750-1800, theater, Theaterzeitschrift, wien},
	file = {Full Text PDF:/Users/guhl/Zotero/storage/DECBTB3F/2012 - Teil 1 1750 - 1780 Bd. 1. Bibliographie, Inhaltsv.pdf:application/pdf},
}

@misc{noauthor_polytimet_nodate,
	title = {Polytimet – {Wikisource}},
	url = {https://de.wikisource.org/wiki/Polytimet},
	language = {de},
	urldate = {2023-07-22},
	keywords = {hison},
	file = {Snapshot:/Users/guhl/Zotero/storage/KMIJUVAC/Polytimet.html:text/html},
}

@misc{wikimedia_wikisource_nodate,
	title = {Wikisource},
	url = {https://de.wikisource.org/wiki/Hauptseite},
	language = {de},
	urldate = {2023-07-22},
	author = {Wikimedia},
	keywords = {ocr},
	file = {Snapshot:/Users/guhl/Zotero/storage/7ULHVT2Y/Hauptseite.html:text/html},
}

@misc{noauthor_gephi_nodate,
	title = {Gephi - {The} {Open} {Graph} {Viz} {Platform}},
	url = {https://gephi.org/},
	urldate = {2023-07-22},
	file = {Gephi - The Open Graph Viz Platform:/Users/guhl/Zotero/storage/3Z6Z2KZH/gephi.org.html:text/html},
}

@misc{noauthor_annis_nodate,
	title = {{ANNIS} (corpus-tools.org)},
	url = {https://corpus-tools.org/annis/},
	urldate = {2023-07-22},
	file = {ANNIS (corpus-tools.org):/Users/guhl/Zotero/storage/3PFDF9EM/annis.html:text/html},
}

@misc{skorinkin_ezdrama_2023,
	title = {{EzDrama}},
	url = {https://github.com/dracor-org/ezdrama},
	abstract = {repository for the development of EzDrama markup and tools for it (parsers, notepad extensions, etc)},
	urldate = {2023-07-23},
	publisher = {DraCor},
	author = {Skorinkin, Daniil and Trilcke, Peer and Giovannini, Luca},
	month = apr,
	year = {2023},
	note = {original-date: 2022-10-26T15:12:21Z},
	keywords = {hison},
}
