@Manual{R-base,
  title = {R: A Language and Environment for Statistical Computing},
  author = {{R Core Team}},
  organization = {R Foundation for Statistical Computing},
  address = {Vienna, Austria},
  year = {2022},
  url = {https://www.R-project.org/},
}

@Manual{R-quanteda,
  title = {quanteda: Quantitative Analysis of Textual Data},
  author = {Kenneth Benoit and Kohei Watanabe and Haiyan Wang and Paul Nulty and Adam Obeng and Stefan Müller and Akitaka Matsuo and William Lowe},
  year = {2022},
  note = {R package version 3.2.1},
  url = {https://quanteda.io},
}

@Manual{R-quanteda.textstats,
  title = {quanteda.textstats: Textual Statistics for the Quantitative Analysis of Textual Data},
  author = {Kenneth Benoit and Kohei Watanabe and Haiyan Wang and Jiong Wei Lua and Jouni Kuha},
  year = {2023},
  note = {R package version 0.96.4},
  url = {https://quanteda.io},
}

@Manual{R-readr,
  title = {readr: Read Rectangular Text Data},
  author = {Hadley Wickham and Jim Hester and Jennifer Bryan},
  year = {2022},
  note = {R package version 2.1.2},
  url = {https://CRAN.R-project.org/package=readr},
}

@Manual{R-stringi,
  title = {stringi: Character String Processing Facilities},
  author = {Marek Gagolewski and Bartek Tartanus and others; Unicode and {Inc.} and others},
  year = {2021},
  note = {R package version 1.7.6},
  url = {https://CRAN.R-project.org/package=stringi},
}

@Manual{R-udpipe,
  title = {udpipe: Tokenization, Parts of Speech Tagging, Lemmatization and
Dependency Parsing with the UDPipe 'NLP' Toolkit},
  author = {Jan Wijffels},
  year = {2023},
  note = {R package version 0.8.11},
  url = {https://CRAN.R-project.org/package=udpipe},
}

@Manual{R-writexl,
  title = {writexl: Export Data Frames to Excel xlsx Format},
  author = {Jeroen Ooms},
  year = {2023},
  note = {R package version 1.4.2},
  url = {https://CRAN.R-project.org/package=writexl},
}

@Article{quanteda2018,
  title = {quanteda: An R package for the quantitative analysis of textual data},
  journal = {Journal of Open Source Software},
  author = {Kenneth Benoit and Kohei Watanabe and Haiyan Wang and Paul Nulty and Adam Obeng and Stefan Müller and Akitaka Matsuo},
  doi = {10.21105/joss.00774},
  url = {https://quanteda.io},
  volume = {3},
  number = {30},
  pages = {774},
  year = {2018},
}

@Article{quanteda.textstats2018,
  title = {quanteda: An R package for the quantitative analysis of textual data},
  journal = {Journal of Open Source Software},
  author = {Kenneth Benoit and Kohei Watanabe and Haiyan Wang and Paul Nulty and Adam Obeng and Stefan Müller and Akitaka Matsuo},
  doi = {10.21105/joss.00774},
  url = {https://quanteda.io},
  volume = {3},
  number = {30},
  pages = {774},
  year = {2018},
}

@Article{stringi2021,
  title = {stringi: Fast and portable character string processing in R},
  author = {Marek Gagolewski},
  journal = {Journal of Statistical Software},
  year = {2021},
  note = {to appear},
}

@Manual{R-collostructions,
  title = {collostructions: An R Implementation for the Family of Collostructional Methods},
  author = {Susanne Flach},
  year = {2021},
  note = {R package version 0.2.0},
  url = {www.sfla.ch},
}

