@Manual{R-base,
  title = {R: A Language and Environment for Statistical Computing},
  author = {{R Core Team}},
  organization = {R Foundation for Statistical Computing},
  address = {Vienna, Austria},
  year = {2022},
  url = {https://www.R-project.org/},
}

@Manual{R-clipr,
  title = {clipr: Read and Write from the System Clipboard},
  author = {Matthew Lincoln},
  year = {2022},
  note = {R package version 0.8.0},
  url = {https://github.com/mdlincoln/clipr},
}


@Manual{R-collostructions,
  title = {collostructions: An R Implementation for the Family of Collostructional Methods},
  author = {Susanne Flach},
  year = {2021},
  note = {R package version 0.2.0},
  url = {www.sfla.ch},
}

@Manual{R-devtools,
  title = {devtools: Tools to Make Developing R Packages Easier},
  author = {Hadley Wickham and Jim Hester and Winston Chang and Jennifer Bryan},
  year = {2022},
  note = {R package version 2.4.5},
  url = {https://devtools.r-lib.org/},
}

@Manual{R-usethis,
  title = {usethis: Automate Package and Project Setup},
  author = {Hadley Wickham and Jennifer Bryan and Malcolm Barrett and Andy Teucher},
  year = {2023},
  note = {R package version 2.2.2},
  url = {https://usethis.r-lib.org},
}

@Manual{R-writexl,
  title = {writexl: Export Data Frames to Excel xlsx Format},
  author = {Jeroen Ooms},
  year = {2023},
  note = {R package version 1.4.2},
  url = {https://docs.ropensci.org/writexl/},
}

