
@misc{dracor_einakter_2022,
	title = {Einakter {Datenbank}: {Klemm} - {Der} {Besuch}.},
	url = {https://einakter.dracor.org/klemm-der-besuch},
	urldate = {2022-07-10},
	journal = {Einakter Datenbank},
	author = {DraCor and Klemm, Christian Gottlob},
	year = {2022},
	keywords = {klemm},
}

@misc{lippert_wiener_2020,
	title = {Das {Wiener} {Theater} zwischen {Verlachkomödie} und rührendem {Lustspiel} - {Christian} {Gottlob} {Klemms} „{Die} {Wohlthaten} unter {Anverwandten}“ will erzieherisch wirken : literaturkritik.de},
	shorttitle = {Das {Wiener} {Theater} zwischen {Verlachkomödie} und rührendem {Lustspiel} - {Christian} {Gottlob} {Klemms} „{Die} {Wohlthaten} unter {Anverwandten}“ will erzieherisch wirken},
	url = {https://literaturkritik.de/klemm-wohlthaten-unter-anverwandten-wiener-theater-zwischen-verlachkomoedie-ruehrendem-lustspiel,26539.html},
	abstract = {Das Wiener Theater zwischen Verlachkomödie und rührendem LustspielChristian Gottlob Klemms „Die Wohlthaten unter Anverwandten“ will erzieherisch wirken},
	language = {de-DE},
	urldate = {2022-07-10},
	author = {Lippert, Maximilian},
	year = {2020},
	keywords = {klemm, kritik},
}

@misc{rstudio_rstudio_2022,
	title = {{RStudio} {IDE}},
	url = {https://www.rstudio.com/products/rstudio/download/},
	abstract = {RStudio is a set of integrated tools designed to help you be more productive with R. It includes a console, syntax-highlighting editor that supports direct code execution, and a variety of robust tools for plotting, viewing history, debugging and managing your workspace.},
	language = {en},
	urldate = {2022-07-30},
	author = {RStudio and PBC},
	year = {2022},
	file = {Snapshot:/Users/lion/Zotero/storage/FGVQFE3M/download.html:text/html},
}

@misc{dracor_klemm_2022,
	title = {Klemm: {DraCor} – {Drama} {Corpora} {Project}},
	url = {https://dracor.org},
	abstract = {DraCor is not a website. DraCor is a showcase for the concept of Programmable Corpora. It revolves around an API that provides data extracted from TEI-encoded corpora. This website – dracor.org – uses this API to showcase some of the extractable information. Some data can be downloaded through the web interface. The more powerful, direct access point is the documented API.},
	language = {en},
	urldate = {2022-07-31},
	author = {DraCor},
	year = {2022},
	keywords = {klemm},
	file = {Snapshot:/Users/lion/Zotero/storage/ATBIKBBH/klemm-der-besuch.html:text/html},
}

@misc{wikisource_besuch_1765,
	title = {Der {Besuch} ({Klemm}) – {Wikisource}},
	url = {https://de.wikisource.org/wiki/Der_Besuch_(Klemm)},
	language = {de},
	urldate = {2022-07-31},
	author = {wikisource and Klemm, Christian Gottlob},
	year = {1765},
	keywords = {klemm},
	file = {Snapshot:/Users/lion/Zotero/storage/6FX8L9XQ/Der_Besuch_(Klemm).html:text/html},
}

@misc{regexr_regexr_2022,
	title = {{RegExr}: {Learn}, {Build}, \& {Test} {RegEx}},
	shorttitle = {{RegExr}},
	url = {https://regexr.com/},
	abstract = {RegExr is an online tool to learn, build, \& test Regular Expressions (RegEx / RegExp).},
	urldate = {2022-07-31},
	journal = {RegExr},
	author = {regexr and Klemm, Christian Gottlob},
	year = {2022},
	keywords = {klemm, regex},
	file = {Snapshot:/Users/lion/Zotero/storage/PK7TLWZ5/6mr4b.html:text/html},
}

@misc{mdz_klemm_1767,
	title = {Klemm, {Christian} {Gottlob}: {Christian} {Gottlieb} {Klemm}'s {Beyträge} zum {Deutschen} {Theater}. 1, {Bild} 122 von 620. {Münchener} {Digitalisierungszentrum}, {Bayerische} {Staatsbibliothek}.},
	url = {https://www.digitale-sammlungen.de/de/view/bsb10112352?page=122,123},
	urldate = {2022-07-31},
	author = {MDZ and Klemm, Christian Gottlob},
	year = {1767},
	keywords = {digitalisat, klemm, mdz},
	file = {Klemm, Christian Gottlob\: Christian Gottlieb Klemm's Beyträge zum Deutschen Theater. 1, Bild 122 von 620 | MDZ:/Users/lion/Zotero/storage/R2SQ7QHA/bsb10112352.html:text/html},
}

@misc{kurschner_klemm_1882,
	title = {Klemm, {Christian} {Gottlob} - {Deutsche} {Biographie}},
	copyright = {https://www.deutsche-biographie.de/impressum},
	url = {https://www.deutsche-biographie.de/gnd100303935.html},
	abstract = {Biografische Information zu Klemm, Christian Gottlob, Biografienachweise, Quellen, Quellennachweise, Literatur, Literaturnachweise Portrait, Porträtnachweise, Objekte, Objektnachweise, Verbindungen, Orte , Klemm, Christian Gottlob; Klemm, Chr. G.; Klemm, Chr. Gottlob; Klemm, Christian G.; Klemm, Christian Gottlieb. @mod},
	language = {de},
	urldate = {2022-07-31},
	author = {Kürschner, Joseph and ADB},
	year = {1882},
	note = {Publisher: Bayerische Staatsbibliothek},
	keywords = {adb, bio, klemm},
	file = {Snapshot:/Users/lion/Zotero/storage/FZBFH8XW/gnd100303935.html:text/html},
}

@misc{onb_klemm_1765,
	title = {Klemm: {Der} Österreichische {Patriot}: eine {Wochenschrift}. Österreichische {Nationalbibliothek}.},
	url = {https://digital.onb.ac.at/OnbViewer/viewer.faces?doc=ABO_%2BZ184248300},
	urldate = {2022-07-31},
	author = {ÖNB and Klemm, Christian Gottlob},
	year = {1765},
	keywords = {digitalisat, klemm, önb},
	file = {Der Österreichische Patriot\: eine Wochenschrift. ÖNB:/Users/lion/Zotero/storage/ILAWD2VN/viewer.html:text/html},
}

@book{google_klemm_1765,
	title = {Klemm: {Der} Österreichische {Patriot}: eine {Wochenschrift}. google books},
	shorttitle = {Der Österreichische {Patriot}},
	url = {https://books.google.de/books?id=P2nXk3Ib9LkC},
	language = {de},
	publisher = {Gedruckt u. zu finden bey Georg Ludwig Schulz},
	author = {google and Klemm, Christian Gottlob},
	year = {1765},
	note = {Google-Books-ID: P2nXk3Ib9LkC},
	keywords = {digitalisat, google, klemm},
}

@misc{read-coop_transkribus_2022,
	title = {Transkribus},
	url = {https://readcoop.eu/transkribus/},
	abstract = {Transkribus User Conference 2022 Join us on 29-30 September to reconnect and learn about the latest advances in Handwritten Text Recognition. Learn more »},
	language = {en-GB},
	urldate = {2022-07-31},
	journal = {READ-COOP},
	author = {read-coop},
	year = {2022},
	keywords = {klemm, transkription},
	file = {Snapshot:/Users/lion/Zotero/storage/8Q67GCVF/transkribus.html:text/html},
}

@misc{dracor_klemm_2022-1,
	title = {Klemm: dracor {TEI}.},
	url = {https://dracor.org/api/corpora/ger/play/klemm-der-besuch/tei},
	abstract = {TEI conform},
	urldate = {2022-07-31},
	author = {DraCor and Klemm, Christian Gottlob},
	year = {2022},
	file = {:/Users/lion/Zotero/storage/8XFBUF72/tei.xml:application/xml},
}

@misc{fischer_programmable_2019,
	address = {Utrecht},
	title = {Programmable {Corpora}: {Introducing} {DraCor}, an {Infrastructure} for the {Research} on {European} {Drama}},
	shorttitle = {Programmable {Corpora}},
	url = {https://zenodo.org/record/4284002},
	abstract = {DraCor (short for "drama corpora") is a growing collection of TEI-encoded plays in (mostly) European languages. The project showcases the concept of "Programmable Corpora", conceived as research ecosystems revolving around an API that provides access to bespoke slices of extracted data. DraCor also exposes a SPARQL endpoint to connect its semantic entities (authors, plays, characters, etc.) to the Linked Open Data cloud.},
	language = {eng},
	urldate = {2022-07-31},
	author = {Fischer, Frank and Börner, Ingo and Göbel, Mathias and Hechtl, Angelika and Kittel, Christopher and Milling, Carsten and Trilcke, Peer},
	month = jul,
	year = {2019},
	doi = {10.5281/zenodo.4284002},
	note = {Conference Name: Digital Humanities 2019: "Complexities" (DH2019)
Publisher: Zenodo},
	keywords = {Digital Humanities, dracor, Drama, Linked Open Data, Literary Studies, main, Text Encoding Initiative},
	file = {Zenodo Full Text PDF:/Users/lion/Zotero/storage/NCIF2PPA/Fischer et al. - 2019 - Programmable Corpora Introducing DraCor, an Infra.pdf:application/pdf},
}

@misc{drama_dracor_2022,
	title = {{DraCor} {XML} model},
	url = {https://tei-c.org/release/xml/tei/custom/schema/relaxng/},
	abstract = {TEI scheme for drama pieces},
	author = {drama and DraCor},
	year = {2022},
}

@misc{tei_history_1987,
	title = {History – {TEI}: {Text} {Encoding} {Initiative}},
	url = {https://tei-c.org/about/history/},
	urldate = {2022-07-31},
	author = {TEI},
	year = {1987},
	keywords = {history, tei},
	file = {History – TEI\: Text Encoding Initiative:/Users/lion/Zotero/storage/WNNUVZPN/history.html:text/html},
}

@misc{franceschet_communities_2022,
	title = {Communities in igraph},
	url = {https://users.dimi.uniud.it/~massimo.franceschet/R/communities.html},
	urldate = {2022-08-01},
	author = {Franceschet, Massimo},
	year = {2022},
	keywords = {network, R},
	file = {Communities in igraph:/Users/lion/Zotero/storage/TA2RLQE4/communities.html:text/html},
}

@misc{poggel_10_2022,
	title = {10. {Sitzung}: {Netzwerkanalyse}},
	url = {https://lipogg.github.io/r-tutorium-website/tutorium10_11072022_netzwerke.html},
	urldate = {2022-08-01},
	author = {Poggel, Lisa},
	year = {2022},
	keywords = {network, R, tutorium},
	file = {10. Sitzung\: Netzwerkanalyse:/Users/lion/Zotero/storage/PMZTLWLA/tutorium10_11072022_netzwerke.html:text/html},
}

@article{pockelmann_lera_2022,
	title = {{LERA} - {An} interactive platform for synoptical representations of multiple text witnesses},
	url = {https://lera.uzi.uni-halle.de/about?lang=de},
	journal = {Digital Scholarship in the Humanities (DSH)},
	author = {Pöckelmann, Marcus and Medek, André and Ritter, Jörg and Molitor, Paul},
	year = {2022},
	keywords = {DH, LERA, sources},
}

@misc{einakter_einakter_2022,
	title = {Einakter: {Klemm}, {Christian} {Gottlob}: {Der} {Besuch}},
	url = {https://einakter.dracor.org/klemm-der-besuch},
	urldate = {2022-08-14},
	author = {einakter and Klemm, Christian Gottlob},
	year = {2022},
	file = {Einakter\: Klemm, Christian Gottlob\: Der Besuch:/Users/lion/Zotero/storage/XDDZSV5G/klemm-der-besuch.html:text/html},
}

@misc{cakir_dramatische_2022,
	address = {Potsdam},
	title = {Dramatische {Metadaten} - {Die} {Datenbank} deutschsprachiger {Einakter} 1740–1850},
	url = {https://zenodo.org/record/6327977},
	abstract = {Die Einakterdatenbank stellt Metadaten zu den zwischen 1740 und 1850 veröffentlichten deutschsprachigen Einakter zur Verfügung und bereitet sie für die literaturwissenschaftliche Forschung auf. Ein Beitrag zur 8. Tagung des Verbands "Digital Humanities im deutschsprachigen Raum" - DHd 2022 Kulturen des digitalen Gedächtnisses.},
	urldate = {2022-08-14},
	author = {Çakir, Dîlan Canan and Fischer, Frank},
	month = mar,
	year = {2022},
	doi = {10.5281/zenodo.6327977},
	note = {Conference Name: DHd 2022 Kulturen des digitalen Gedächtnisses. 8. Tagung des Verbands "Digital Humanities im deutschsprachigen Raum" (DHd 2022)
Publisher: Zenodo},
	keywords = {API, Archivierung, Datenbank, DHd2022, Drama, Einakter, Literatur, Metadaten},
	file = {Zenodo Full Text PDF:/Users/lion/Zotero/storage/47F3BDXX/Çakir und Fischer - 2022 - Dramatische Metadaten - Die Datenbank deutschsprac.pdf:application/pdf},
}

@book{killy_literaturlexikon_2009,
	series = {Killy {Literaturlexikon}. {Autoren} und {Werke} des deutschsprachigen {Kulturraums}},
	title = {Literaturlexikon. {Band} 6 {Huh} – {Kräf}},
	volume = {6},
	isbn = {978-3-11-021394-2},
	shorttitle = {killy\_2009},
	url = {https://www.degruyter.com/document/doi/10.1515/9783110213942/html},
	language = {de},
	urldate = {2022-08-14},
	publisher = {De Gruyter},
	author = {Killy, Walter},
	editor = {Kühlmann, Wilhelm},
	month = sep,
	year = {2009},
	doi = {10.1515/9783110213942},
	note = {Publication Title: Band 6 Huh – Kräf},
	keywords = {bio, klemm, Literatur /Lexikon, Wörterbuch},
}

@book{bender_teil_2012,
	series = {Theaterperiodika des 18. {Jahrhunderts} {Bibliographie} und inhaltliche {Erschließung} deutschsprachiger {Theaterzeitschriften}, {Theaterkalender} und {Theatertaschenbücher}},
	title = {Teil 1 1750 - 1780: {Bd}. 1. {Bibliographie}, {Inhaltsverzeichnisse} und {Einzelregister}; {Bd}. 2. {Gesamtregister}},
	volume = {1},
	isbn = {978-3-11-097657-1},
	shorttitle = {Teil 1 1750 - 1780},
	url = {https://www.degruyter.com/document/doi/10.1515/9783110976571/html},
	language = {de},
	urldate = {2022-09-19},
	publisher = {De Gruyter Saur},
	author = {Bender, Wolfgang and Bushuven, Siegfried and Huesmann, Michael},
	month = oct,
	year = {2012},
	doi = {10.1515/9783110976571},
	note = {Publication Title: Teil 1 1750 - 1780},
	keywords = {Bibliographie, Deutsches Sprachgebiet, Geschichte 1750-1800, klemm, theater, Theaterzeitschrift, wien},
	file = {Full Text PDF:/Users/lion/Zotero/storage/DECBTB3F/2012 - Teil 1 1750 - 1780 Bd. 1. Bibliographie, Inhaltsv.pdf:application/pdf},
}
