

@misc{rstudio2022,
	title = {RStudio IDE},
	year = {2022},
	date = {2022},
	url = {https://www.rstudio.com/products/rstudio/download/},
	langid = {en}
}

@misc{klemmEinakter,
	title = {Einakter Datenbank: Klemm - Der Besuch.},
	author = {Klemm, Christian Gottlob},
	year = {2022},
	date = {2022},
	url = {https://einakter.dracor.org/klemm-der-besuch}
}

@book{google1765,
	title = {Klemm: Der Österreichische Patriot: eine Wochenschrift | google books},
	author = {google,  and Klemm, Christian Gottlob},
	year = {1765},
	date = {1765},
	publisher = {Gedruckt u. zu finden bey Georg Ludwig Schulz},
	note = {Google-Books-ID: P2nXk3Ib9LkC},
		url = {https://books.google.de/books?id=P2nXk3Ib9LkC&pg=PA577&redir_esc=y#v=onepage&q&f=false},
	langid = {de}
}

@misc{önb1765,
	title = {Klemm: Der Österreichische Patriot: eine Wochenschrift. ÖNB.},
	author = {{ÖNB},  and Klemm, Christian Gottlob},
	year = {1765},
	date = {1765},
	url = {https://digital.onb.ac.at/OnbViewer/viewer.faces?doc=ABO_%2BZ184248300}
}

@misc{wikisource1765,
	title = {Der Besuch (Klemm) {\textendash} Wikisource},
	author = {wikisource,  and Klemm, Christian Gottlob},
	year = {1765},
	date = {1765},
	url = {https://de.wikisource.org/wiki/Der_Besuch_(Klemm)},
	langid = {de}
}

@misc{read-coop2022,
	title = {Transkribus},
	author = {read-coop, },
	year = {2022},
	date = {2022},
	url = {https://readcoop.eu/transkribus/},
	langid = {australian}
}

@misc{mdz1767,
	title = {Klemm, Christian Gottlob: Christian Gottlieb Klemm's Beyträge zum Deutschen Theater. 1, Bild 122 von 620 | MDZ},
	author = {MDZ,  and Klemm, Christian Gottlob},
	year = {1767},
	date = {1767},
	url = {https://www.digitale-sammlungen.de/de/view/bsb10112352?page=122,123}
}

@misc{regexr2022,
	title = {RegExr: Learn, Build, & Test RegEx},
	author = {regexr,  and Klemm, Christian Gottlob},
	year = {2022},
	date = {2022},
	url = {https://regexr.com/6mr4b}
}

@article{dracor2019,
	title = {Programmable Corpora: Introducing DraCor, an Infrastructure for the Research on European Drama},
	author = {Fischer, Frank and {Börner}, Ingo and {Göbel}, Mathias and Hechtl, Angelika and Kittel, Christopher and Milling, Carsten and Trilcke, Peer},
	year = {2019},
	month = {07},
	date = {2019-07-10},
	url = {https://zenodo.org/record/4284002},
	note = {Conference Name: Digital Humanities 2019: {"}Complexities{"} (DH2019)
DOI: 10.5281/zenodo.4284002
Publisher: Zenodo},
	address = {Utrecht},
	langid = {eng}
}
