
@misc{noauthor_catalog_nodate,
	title = {Catalog {Record}: {Die} schönste lengevitch {\textbar} {HathiTrust} {Digital} {Library}},
	url = {https://catalog.hathitrust.org/Record/001784426/Home},
	urldate = {2022-07-01},
}

@misc{noauthor_duden-api_nodate,
	title = {Duden-{API} - die {Duden}-{Programmierschnittstelle}},
	url = {https://www.duden.de/api},
	abstract = {Mit der Duden-API Texte in Duden-Qualität prüfen ✔ Einfache Integrationsmöglichkeit in Ihre bestehende Software ✔ DSGVO-konform ✔ Kontaktieren Sie uns!},
	language = {de},
	urldate = {2022-07-14},
	file = {Snapshot:/Users/lion/Zotero/storage/XCKLFU9H/api.html:text/html},
}

@article{perera_durm_nodate,
	title = {The {Durm} {German} {Lemmatizer}},
	language = {en},
	author = {Perera, Praharshana and Witte, Rene},
	pages = {21},
	file = {Perera und Witte - The Durm German Lemmatizer.pdf:/Users/lion/Zotero/storage/Z8SP5KBH/Perera und Witte - The Durm German Lemmatizer.pdf:application/pdf},
}

@book{verlag_das_wunderhorn_gmbh_aus_2018,
	address = {Heidelberg},
	title = {Aus {Mangel} an {Beweisen}: deutsche {Lyrik} 2008-2018 / herausgegeben von {Michael} {Braun} und {Hans} {Thill}.},
	isbn = {978-3-88423-601-7},
	shorttitle = {Aus {Mangel} an {Beweisen}},
	language = {ger},
	publisher = {Wunderhorn},
	author = {{Verlag Das Wunderhorn GmbH} and Braun, Michael and Thill, Hans},
	year = {2018},
	keywords = {21. Jahrhundert, Deutsch, Deutschsprachig, Geschichte 2008-2018, Lyrik, Lyrikanthologie},
}

@article{von_ammon_tertium_2018,
	title = {Tertium quid. {Uljana} {Wolfs} translinguale {Sendung}},
	volume = {28},
	issn = {0323-7982},
	url = {https://www.jstor.org/stable/26583303},
	abstract = {In der poetologischen Lyrik der Gegenwart werden einerseits Traditionen aus dem vergangenen Jahrhundert fortgesetzt, andererseits lassen sich aber auch neue Tendenzen beobachten, die man als ‚Pluralisierung‘ und ‚Internationalisierung‘ bezeichnen könnte. Der Beitrag geht diesen Entwicklungen anhand von Texten aus Uljana Wolfs jüngstem Gedichtband meine schönste lengevitch (2013) und aus seinem Umfeld nach und zeigt, wie Wolf in Auseinandersetzung mit hierzulande kaum bekannten Vorbildautoren aus den Vereinigten Staaten ihre translinguale Poetik entwickelt und in die poetische Praxis umsetzt. In contemporary poetological poetry one can observe the continuation of traditions stemming from the twentieth century, but also the emergence of new tendencies, which could be described as ‚pluralization‘ and ‚internationalization‘. This paper examines these tendencies with regard to Uljana Wolf's most recent volume of poetry meine schönste lengevitch (2013) as well as other texts, and shows how Wolf – in dialogue with poets from the United States hitherto unknown in this country – develops her translingual poetics and turns it into poetic practice.},
	number = {2},
	urldate = {2022-08-08},
	journal = {Zeitschrift für Germanistik},
	author = {von Ammon, Frieder},
	year = {2018},
	note = {Publisher: Peter Lang AG},
	pages = {275--289},
	file = {JSTOR Full Text PDF:/Users/lion/Zotero/storage/US5TPUVL/von Ammon - 2018 - Tertium quid. Uljana Wolfs translinguale Sendung.pdf:application/pdf},
}

@inproceedings{verlag_konigshausen__neumann_lyrik_2016,
	address = {Würzburg},
	series = {Saarbrücker {Beiträge} zur vergleichenden {Literatur}- und {Kulturwissenschaft} {Band} 78},
	title = {Lyrik transkulturell / herausgegeben von {Eva} {Binder}, {Sieglinde} {Klettenhammer}, {Birgit} {Mertz}-{Baumgartner}.},
	isbn = {978-3-8260-5796-0},
	language = {ger;eng},
	publisher = {Königshausen \& Neumann},
	author = {{Verlag Königshausen \& Neumann} and Binder, Eva and Klettenhammer, Sieglinde and Mertz-Baumgartner, Birgit},
	year = {2016},
	keywords = {deutschsprachige Lyrik, Interkulturalität, internationale Lyrik, Lyrik, Lyrik transkulturell},
}

@book{zipfel_lyrik_2022,
	address = {Berlin, Heidelberg},
	series = {Abhandlungen zur {Literaturwissenschaft}},
	title = {Lyrik der {Welt} - {Welt} der {Lyrik}: {Lyrik} und {Lyrikforschung} {Aus} {Komparatistischer} {Perspektive}},
	isbn = {978-3-662-63798-2},
	shorttitle = {Lyrik der {Welt} - {Welt} der {Lyrik}},
	url = {https://link.springer.com/book/10.1007/978-3-662-63799-9},
	language = {ger},
	publisher = {J. B. Metzler'sche Verlagsbuchhandlung \& Carl Ernst Poeschel GmbH},
	author = {Zipfel, Frank and Seiler, Sascha and Kopf, Martina and Heß, Jonas},
	collaborator = {Zipfel, Frank and Seiler, Sascha and Heß, Jonas and Kopf, Martina},
	year = {2022},
	doi = {10.1007/978-3-662-63799-9},
	note = {ISSN: 2520-8381},
	keywords = {Comparative Literature, J.B. Metzler Humanities, Literary Theory, Literature, Literature, general, Poetry and Poetics},
	file = {Snapshot:/Users/lion/Zotero/storage/25AINHAE/978-3-662-63799-9.html:text/html},
}

@misc{reynaldo_distributions_nodate,
	title = {Distributions of {Function} {Words} {Across} {Narrative} {Time} in 50,000 {Novels} – {DH2018}},
	url = {https://dh2018.adho.org/en/distributions-of-function-words-across-narrative-time-in-50000-novels/},
	language = {en-US},
	urldate = {2022-11-05},
	author = {{Reynaldo}},
	keywords = {semantics},
	file = {Snapshot:/Users/lion/Zotero/storage/RV5P36G4/distributions-of-function-words-across-narrative-time-in-50000-novels.html:text/html},
}

@misc{jockers_2015,
	title = {» {Revealing} {Sentiment} and {Plot} {Arcs} with the {Syuzhet} {Package} {Matthew} {L}. {Jockers}},
	url = {https://www.matthewjockers.net/2015/02/02/syuzhet/},
	language = {en-US},
	year = {2015},
	urldate = {2022-11-05},
	author = {Jockers, Matthew},
	keywords = {plot analysis, semantics},
	file = {Snapshot:/Users/lion/Zotero/storage/ECUS9T4N/syuzhet.html:text/html},
}
