
@misc{lang_duncantlrwordpress_2023,
	title = {duncantl/{RWordPress}},
	url = {https://github.com/duncantl/RWordPress},
	urldate = {2024-01-17},
	author = {Lang, Duncan Temple},
	month = nov,
	year = {2023},
	note = {original-date: 2012-04-03T18:52:07Z},
	keywords = {r, wp},
}

@misc{noauthor_wordpress_nodate,
	title = {{WordPress} - {Yihui} {Xie} {\textbar} 谢益辉},
	url = {https://yihui.org/knitr/demo/wordpress/},
	abstract = {The RWordPress package allows one to publish blog posts from R to WordPress (but please note that this package has not been updated for many years, which is not a good sign). A blog post is \&hellip;},
	language = {en-US},
	urldate = {2024-01-17},
	file = {Snapshot:/Users/guhl/Zotero/storage/IY532TFD/wordpress.html:text/html},
}

@misc{yihui_knitr_2024,
	title = {knitr - {Yihui} {Xie} {\textbar} 谢益辉},
	url = {https://yihui.org/knitr/},
	abstract = {Inspired by Sweave, the knitr package was designed to be a transparent engine for dynamic report generation with R, and combine features in other add-on packages into one package (knitr ≈ Sweave + \&hellip;},
	language = {en-US},
	urldate = {2024-01-17},
	author = {Yihui, Xie},
	year = {2024},
	keywords = {knitr, r, wp},
	file = {Snapshot:/Users/guhl/Zotero/storage/V4PYAEJL/knitr.html:text/html},
}
