
@book{cassin_dictionary_2014,
	title = {Dictionary of {Untranslatables}: {A} {Philosophical} {Lexicon}},
	isbn = {978-1-4008-4991-8},
	shorttitle = {Dictionary of {Untranslatables}},
	url = {https://www.degruyter.com/document/doi/10.1515/9781400849918/html},
	abstract = {Characters in some languages, particularly Hebrew and Arabic, may not display properly due to device limitations. Transliterations of terms appear before the representations in foreign characters. This is an encyclopedic dictionary of close to 400 important philosophical, literary, and political terms and concepts that defy easy--or any--translation from one language and culture to another. Drawn from more than a dozen languages, terms such as Dasein (German), pravda (Russian), saudade (Portuguese), and stato (Italian) are thoroughly examined in all their cross-linguistic and cross-cultural complexities. Spanning the classical, medieval, early modern, modern, and contemporary periods, these are terms that influence thinking across the humanities. The entries, written by more than 150 distinguished scholars, describe the origins and meanings of each term, the history and context of its usage, its translations into other languages, and its use in notable texts. The dictionary also includes essays on the special characteristics of particular languages--English, French, German, Greek, Italian, Portuguese, Russian, and Spanish. Originally published in French, this one-of-a-kind reference work is now available in English for the first time, with new contributions from Judith Butler, Daniel Heller-Roazen, Ben Kafka, Kevin McLaughlin, Kenneth Reinhard, Stella Sandford, Gayatri Chakravorty Spivak, Jane Tylus, Anthony Vidler, Susan Wolfson, Robert J. C. Young, and many more.The result is an invaluable reference for students, scholars, and general readers interested in the multilingual lives of some of our most influential words and ideas. Covers close to 400 important philosophical, literary, and political terms that defy easy translation between languages and cultures Includes terms from more than a dozen languages Entries written by more than 150 distinguished thinkers Available in English for the first time, with new contributions by Judith Butler, Daniel Heller-Roazen, Ben Kafka, Kevin McLaughlin, Kenneth Reinhard, Stella Sandford, Gayatri Chakravorty Spivak, Jane Tylus, Anthony Vidler, Susan Wolfson, Robert J. C. Young, and many more Contains extensive cross-references and bibliographies An invaluable resource for students and scholars across the humanities},
	language = {en},
	urldate = {2022-06-06},
	publisher = {Princeton University Press},
	author = {Cassin, Barbara},
	month = feb,
	year = {2014},
	doi = {10.1515/9781400849918},
	note = {Publication Title: Dictionary of Untranslatables},
	keywords = {Adjective, Ambiguity, Analogy, Aristotelianism, Aristotle, Avicenna, Bibliography, Calculation, Concept, Consciousness, Contradiction, Criticism, Critique, Critique of Pure Reason, Dasein, Determination, Dialectic, Edmund Husserl, Epistemology, Ethics, Etymology, Existence, Existentialism, Explanation, Genre, German idealism, German language, Good and evil, Grammar, Henri Bergson, Historicity, Homonym, Hypothesis, Idealism, Ideology, Intentionality, Irony, Jacques Derrida, Kantianism, Linguistics, Literature, Logic, Martin Heidegger, Metaphor, Morality, Narrative, Neologism, Nominalism, Noun, Objectivity (philosophy), Ontology, Originality, Participle, Phenomenon, Philology, Philosopher, Philosophical language, Philosophy, Philosophy of history, Philosophy of language, Plural, Poetry, Political philosophy, Polysemy, Positivism, Potentiality and actuality, Practical reason, Princeton University Press, Principle, Prose, Psychoanalysis, Qualia, Rationality, Reality, Reason, Religion, Rhetoric, Romanticism, Scholasticism, Semantic field, Skepticism, Søren Kierkegaard, Stoicism, Subjectivity, Superiority (short story), Temporality, Terminology, The Philosopher, Theology, Theory, Theory of Forms, Thought, Treatise, Understanding, Universality (philosophy), Untranslatability, Usage, Verb, Vocabulary, Writing},
	file = {Full Text PDF:/Users/lion/Zotero/storage/JUFSEXNU/2014 - Dictionary of Untranslatables A Philosophical Lex.pdf:application/pdf},
}

@book{baudelaire_ausgewahlte_1970,
	address = {Frankfurt am Main},
	edition = {1. Aufl.},
	series = {Bibliothek {Suhrkamp} 257},
	title = {Ausgewählte {Gedichte} / {Charles} {Baudelaire}. {Dt}. Übertr. mit einem {Vorwort} über die {Aufgabe} des Übersetzers von {Walter} {Benjamin}.},
	abstract = {Text dt. und franz. ; um 24 Gedichtübertragungen aus dem Nachlaß Walter Benjamins erw. Ausg.},
	language = {ger},
	publisher = {Suhrkamp},
	author = {Baudelaire, Charles},
	collaborator = {Benjamin, Walter},
	year = {1970},
}

@book{pannwitz_krisis_1917,
	title = {Die {Krisis} der europaeischen {Kultur}},
	url = {http://archive.org/details/diekrisisdereuro00pann},
	abstract = {261 p. ; 21 cm},
	language = {ger},
	urldate = {2022-06-06},
	publisher = {Nürenberg : H. Carl},
	author = {Pannwitz, Rudolf},
	collaborator = {{University of British Columbia Library}},
	year = {1917},
	keywords = {Europe -- Civilization},
}

@book{escher_perspektiven_2018,
	address = {Heidelberg},
	series = {Intercultural studies},
	title = {Perspektiven der {Interkulturalität} : {Forschungsfelder} eines umstrittenen {Begriffs}},
	isbn = {978-3-8253-7779-3},
	shorttitle = {Perspektiven der {Interkulturalität}},
	url = {https://search.ebscohost.com/login.aspx?direct=true&db=e000xww&AN=2041090&site=ehost-live},
	abstract = {Interkulturalitätsforschung summiert eine Fülle von Ansätzen, die sich mit kulturellen Kontakten, Wahrnehmungen und Differenzen befassen. Häufig findet sie unter der Annahme von Bedingungen statt, die sich aus einem etablierten Forschungsdiskurs heraus verfestigt haben. Dieser Band befasst sich mit Paradigmen, die für eine tiefgehendere, adäquate Forschungslage unerlässlich sind und versucht neue Ansätze für die Weiterentwicklung des Diskurses fruchtbar zu machen. Bei den paradigmatisch zur Diskussion gestellten Gedanken geht es u. a. um kulturpsychologische Perspektiven, Unübersetzbarkeit, transkulturelle Metaphern und Übersetzung, historische Aspekte, Mehrsprachigkeit und Polyperspektivität, das Rubrizieren verschiedener Felder und Bedeutungen von Weltliteratur, Globalisierung, Global Dialogism und,globality‘ cultural studies, Interkulturellen Humanismus, kulturelle Imperative, Herausforderungen von Kulturverständnissen, z. B. der ‚Zeit‘, und deren Übersetzung, transnationale Biographien, die Begriffe interkulturell, transkulturell, transnational und den Begriff der Kultur.},
	language = {German},
	urldate = {2022-06-13},
	publisher = {Universitätsverlag Winter},
	author = {Escher, Anton J. and Spickermann, Heike C.},
	year = {2018},
	note = {Issue: Band I},
	keywords = {Cross-cultural studies, Cross-cultural studies--Research, SOCIAL SCIENCE / Anthropology / Cultural \& Social},
}

@article{sakai_how_2009,
	title = {How do we count a language? {Translation} and discontinuity},
	volume = {2},
	issn = {1478-1700},
	shorttitle = {How do we count a language?},
	doi = {10.1080/14781700802496266},
	abstract = {Can translation be regarded merely as a bridging of a gap between national languages? Is it not an act with which to produce difference, inscribe borders and thereby identify the unity of a language? This article proposes that translation is anterior to the organic unity of language and that this unity is posited through the specific representation of translation. Accordingly, a regime for the modern representation of translation is construed in terms of the schema of co-figuration. Here translation is understood not only as the bridging of a gap or distance between two language communities. It is also an ambiguous act of creating continuity out of discontinuity; it pertains to a political labour which generates social relations. Translation is investigated with a view to bordering.},
	language = {eng},
	number = {1},
	journal = {Translation studies},
	author = {Sakai, Naoki},
	year = {2009},
	keywords = {bordering, continuity in discontinuity, phonography, regime of translation, schema of co-figuration, subject in transit},
	pages = {71--88},
}

@misc{schwarz_12243avl_dyn_nodate,
	title = {12243.{AVL}\_dyn {BIB} essai – anarkkiv lankalevikki},
	url = {https://ada-sub.rotefadenbuecher.de/12243avl_dyn-bib-essai},
	abstract = {versuch einer bibliographischen netzwerkanalyse. integration of collaborative collection of bibliography items.},
	language = {ger},
	urldate = {2022-06-14},
	author = {schwarz, st.},
	keywords = {DH, Komparatistik},
}

@book{erlin_distant_2014,
	edition = {NED - New edition},
	title = {Distant {Readings}: {Topologies} of {German} {Culture} in the {Long} {Nineteenth} {Century}},
	isbn = {978-1-57113-539-1},
	shorttitle = {Distant {Readings}},
	url = {https://www.jstor.org/stable/10.7722/j.ctt5vj848},
	abstract = {In nineteenth-century Germany, breakthroughs in printing technology and an increasingly literate populace led to an unprecedented print production boom that has long presented scholars with a challenge: how to read it all? This anthology seeks new answers to the scholarly quandary of the abundance of text. Responding to Franco Moretti's call for "distant reading" and modeling a range of innovative approaches to literary-historical analysis informed by the burgeoning field of digital humanities, it asks what happens when we shift our focus from the one to the many, from the work to the network. The thirteen essays in this volume explore the evolving concept of "distant reading" and its application to the analysis of German literature and culture in the long nineteenth century. The contributors consider how new digital technologies enable both the testing of hypotheses and the discovery of patterns and trends, as well as how "distant" and traditional "close" reading can complement each another in hybrid models of analysis that maintain careful attention to detail, but also make calculation, enumeration, and empirical description critical elements of interpretation. Contributors: Kirsten Belgum, Tobias Boes, Matt Erlin, Fotis Jannidis and Gerhard Lauer, Lutz Koepnick, Todd Kontje, Peter M. McIsaac, Katja Mellmann, Nicolas Pethes, Andrew Piper and Mark Algee-Hewitt, Allen Beye Riddell, Lynne Tatlock, Paul A. Youngman and Ted Carmichael. Matt Erlin is Professor of German and Chair of the Department of Germanic Languages and Literatures, and Lynne Tatlock is Hortense and Tobias Lewin Distinguished Professor in the Humanities, both at Washington University, St. Louis.},
	urldate = {2022-06-13},
	publisher = {Boydell \& Brewer},
	editor = {Erlin, Matt and Tatlock, Lynne},
	year = {2014},
}

@misc{rahman_unfolding_2019,
	title = {Unfolding the {Structure} of a {Document} using {Deep} {Learning}},
	url = {http://arxiv.org/abs/1910.03678},
	abstract = {Understanding and extracting of information from large documents, such as business opportunities, academic articles, medical documents and technical reports, poses challenges not present in short documents. Such large documents may be multi-themed, complex, noisy and cover diverse topics. We describe a framework that can analyze large documents and help people and computer systems locate desired information in them. We aim to automatically identify and classify different sections of documents and understand their purpose within the document. A key contribution of our research is modeling and extracting the logical and semantic structure of electronic documents using deep learning techniques. We evaluate the effectiveness and robustness of our framework through extensive experiments on two collections: more than one million scholarly articles from arXiv and a collection of requests for proposal documents from government sources.},
	language = {en},
	urldate = {2022-06-26},
	publisher = {arXiv},
	author = {Rahman, Muhammad Mahbubur and Finin, Tim},
	month = sep,
	year = {2019},
	note = {arXiv:1910.03678 [cs, stat]},
	keywords = {Computer Science - Computation and Language, Computer Science - Machine Learning, Statistics - Machine Learning},
	file = {Rahman und Finin - 2019 - Unfolding the Structure of a Document using Deep L.pdf:/Users/lion/Zotero/storage/J834R5V9/Rahman und Finin - 2019 - Unfolding the Structure of a Document using Deep L.pdf:application/pdf},
}

@misc{noauthor_catalog_nodate,
	title = {Catalog {Record}: {Die} schönste lengevitch {\textbar} {HathiTrust} {Digital} {Library}},
	url = {https://catalog.hathitrust.org/Record/001784426/Home},
	urldate = {2022-07-01},
}

@misc{noauthor_digital_nodate,
	title = {‎„{Digital} {Humanities} at {Oxford} {Summer} {School}“ auf {Apple} {Podcasts}},
	url = {https://podcasts.apple.com/de/podcast/digital-humanities-at-oxford-summer-school/id920023395},
	abstract = {‎Bildung · 2017},
	urldate = {2022-06-30},
}

@misc{foundation_waste_2022,
	type = {text/html},
	title = {The {Waste} {Land} by {T}. {S}. {Eliot}},
	copyright = {Copyright 2022 Poetry Foundation},
	url = {https://www.poetryfoundation.org/poems/47311/the-waste-land},
	abstract = {April is the cruellest month, breeding},
	language = {en},
	urldate = {2022-06-28},
	journal = {Poetry Foundation},
	author = {Foundation, Poetry},
	month = jun,
	year = {2022},
	note = {Archive Location: https://www.poetryfoundation.org/
Publisher: Poetry Foundation},
	file = {Snapshot:/Users/lion/Zotero/storage/DHYUN535/the-waste-land.html:text/html},
}

@misc{noauthor_tempest_nodate,
	title = {The {Tempest}. {Distant} {Reading} @ {DraCor} – {Drama} {Corpora} {Project}},
	url = {https://dracor.org/shake/the-tempest},
	abstract = {DraCor is not a website. DraCor is a showcase for the concept of Programmable Corpora. It revolves around an API that provides data extracted from TEI-encoded corpora. This website – dracor.org – uses this API to showcase some of the extractable information. Some data can be downloaded through the web interface. The more powerful, direct access point is the documented API.},
	language = {en},
	urldate = {2022-06-28},
}

@article{schallie_poems_2010,
	title = {Poems by {Dragica} {Rajcic}},
	volume = {26},
	issn = {10587446},
	url = {https://go.gale.com/ps/i.do?p=AONE&sw=w&issn=10587446&v=2.1&it=r&id=GALE%7CA245540385&sid=googleScholar&linkaccess=abs},
	abstract = {{\textless}em{\textgreater}Gale{\textless}/em{\textgreater} Academic OneFile includes Poems by Dragica Rajcic by Charlotte Schallie and Christine Fritze. Click to explore.},
	language = {English},
	urldate = {2022-07-03},
	journal = {Women in German Yearbook},
	author = {Schallie, Charlotte and Fritze, Christine},
	month = jan,
	year = {2010},
	note = {Publisher: University of Nebraska Press},
	pages = {137--146},
	file = {Snapshot:/Users/lion/Zotero/storage/Z6AVWXS2/i.html:text/html},
}

@incollection{prager_alles_2013,
	address = {Lincoln, NE},
	title = {"{Alles} so orientalisch": the elaboration of desire in {Theodor} {Fontane}'s {Effi} {Briest} (1896)},
	volume = {29},
	isbn = {10587446},
	url = {https://link.gale.com/apps/doc/A363189001/LitRC?u=fub&sid=bookmark-LitRC&xid=2d5c5093},
	language = {English},
	urldate = {2022-07-03},
	booktitle = {Women in {German} {Yearbook}},
	publisher = {University of Nebraska Press},
	author = {Prager, Debra N.},
	year = {2013},
	keywords = {Effi Briest (Novel), Fontane, Theodor},
	pages = {118+},
}

@article{rutka_judische_2021,
	title = {Jüdische {Störenfriede} im deutschen {Gedächtnis}- und {Integrationstheater}: {Kritisch}-emanzipatorische ({Selbst}){Entwürfe} in {Tomer} {Gardis} {Broken} {German} und {Shahak} {Shapiras} {Das} wird man ja wohl noch schreiben dürfen!},
	volume = {50},
	issn = {0078-7191},
	shorttitle = {Jüdische {Störenfriede} im deutschen {Gedächtnis}- und {Integrationstheater}},
	url = {https://doi.org/10.1080/00787191.2021.1925417},
	doi = {10.1080/00787191.2021.1925417},
	abstract = {Die aus Israel nach Deutschland eingewanderten Autoren Tomer Gardi und Shahak Shapira veröffentlichten 2016 Bücher, in denen sie aus einer explizit jüdischen Außenseiter-Perspektive Stellung zum aktuellen deutschen Gedächtnis- und Integrationsdiskurs beziehen. Shapiras anekdotischer Pop-Text und Gardis in gebrochenem Deutsch verfasster Roman verschieben Grenzen des tradierten Literaturbegriffs und erzeugen so ein subversives Spannungsverhältnis zu Paradigmen etablierter Gedächtniskultur und offizieller Migrationspolitik. Beide Autoren formulieren in ihren literarischen Projekten eine originelle emanzipatorische Auffassung von gesellschaftlicher Praxis des Zusammenlebens im Zeichen eines Radical Diversity (Max Czollek) sowie des Ausbruchs aus den für Juden vorbestimmten Dispositiven des Gedächtnisses an die Shoah und NS-Zeit.*In 2016, Tomer Gardi and Shahak Shapira — two authors who emigrated from Israel to Germany — both published the books in which they refer to the current German discourse on memory and integration from the point of view of Jewish outsiders. The anecdotal pop-text by Shapira and Gardi’s novel with a narrative in broken German push the boundaries of the traditional concept of literature and subversively deal with the paradigms of culture of memory and the official migration policy. In their literary works, both authors formulate original emancipation proposals for social coexistence in accordance with the concept of Radical Diversity (Max Czollek). They also advocate breaking with the memory of Shoah and Nazism, which strictly define the attitudes of Jews.},
	number = {2},
	urldate = {2022-07-03},
	journal = {Oxford German Studies},
	author = {Rutka, Anna},
	month = apr,
	year = {2021},
	note = {Publisher: Routledge
\_eprint: https://doi.org/10.1080/00787191.2021.1925417},
	keywords = {deutscher Gedächtnisdiskurs, German memory-discourse, Integration-discourse, Integrationsdiskurs, Shahak Shapira, Tomer Gardi},
	pages = {233--251},
	file = {Snapshot:/Users/lion/Zotero/storage/LNG3HFTE/00787191.2021.html:text/html},
}

@misc{noauthor_duden-api_nodate,
	title = {Duden-{API} - die {Duden}-{Programmierschnittstelle}},
	url = {https://www.duden.de/api},
	abstract = {Mit der Duden-API Texte in Duden-Qualität prüfen ✔ Einfache Integrationsmöglichkeit in Ihre bestehende Software ✔ DSGVO-konform ✔ Kontaktieren Sie uns!},
	language = {de},
	urldate = {2022-07-14},
	file = {Snapshot:/Users/lion/Zotero/storage/XCKLFU9H/api.html:text/html},
}

@misc{noauthor_home_nodate,
	title = {Home · {KorAP}/{Kustvakt} {Wiki}},
	url = {https://github.com/KorAP/Kustvakt},
	abstract = {:speedboat: User and policy management component for KorAP, capable of rewriting queries for policy based document restrictions. - Home · KorAP/Kustvakt Wiki},
	language = {en},
	urldate = {2022-07-14},
	journal = {GitHub},
	file = {Snapshot:/Users/lion/Zotero/storage/45IW39MT/wiki.html:text/html},
}

@misc{mannheim_korap_nodate,
	type = {service},
	title = {{KorAP}: {Finde} »laufen« mit {Poliqarp}},
	shorttitle = {{KorAP}},
	url = {//korap.ids-mannheim.de/},
	abstract = {KorAP - Korpusanalyseplattform der nächsten Generation},
	language = {en},
	urldate = {2022-07-14},
	author = {Mannheim, I. D. S.},
	note = {Publisher: IDS Mannheim},
	file = {Snapshot:/Users/lion/Zotero/storage/TL2IMCBV/korap.ids-mannheim.de.html:text/html},
}

@misc{noauthor_onlineangebote_nodate,
	title = {Onlineangebote {\textbar} {IDS}},
	url = {https://www.ids-mannheim.de/onlineangebote/},
	urldate = {2022-07-14},
	file = {Onlineangebote | IDS:/Users/lion/Zotero/storage/EYC29NKI/onlineangebote.html:text/html},
}

@misc{noauthor_deutsches_nodate,
	title = {Deutsches {Referenzkorpus} - {Release}-{Kandidat} 1 von {DeReKo}-2021-{I}},
	url = {http://repos.ids-mannheim.de/fedora/objects/clarin-ids:dereko.000008/datastreams/CMDI/content},
	urldate = {2022-07-12},
}

@misc{noauthor_dereko_nodate,
	title = {{DEREKO} {I} (beendet) {\textbar} {IDS}},
	url = {https://www.ids-mannheim.de/digspra/kl/abgeschlosseneprojekte/dereko-i-beendet/},
	urldate = {2022-07-12},
}

@article{lungen_dereko_2017,
	title = {{DeReKo} – {Das} {Deutsche} {Referenzkorpus}: {Schriftkorpora} der deutschen {Gegenwartssprache} am {Institut} für {Deutsche} {Sprache} in {Mannheim}},
	volume = {45},
	issn = {1613-0626},
	shorttitle = {{DeReKo} – {Das} {Deutsche} {Referenzkorpus}},
	url = {https://www.degruyter.com/document/doi/10.1515/zgl-2017-0008/html},
	doi = {10.1515/zgl-2017-0008},
	abstract = {Der Artikel DeReKo – Das Deutsche Referenzkorpus wurde am 1. April 2017 in der Zeitschrift Zeitschrift für germanistische Linguistik (Band 45, Heft 1) veröffentlicht.},
	language = {de},
	number = {1},
	urldate = {2022-07-12},
	journal = {Zeitschrift für germanistische Linguistik},
	author = {Lüngen, Harald},
	month = apr,
	year = {2017},
	pages = {161--170},
}

@misc{dracor_einakter_2022,
	title = {Einakter {Datenbank}: {Klemm} - {Der} {Besuch}.},
	url = {https://einakter.dracor.org/klemm-der-besuch},
	urldate = {2022-07-10},
	journal = {Einakter Datenbank},
	author = {dracor and Klemm, Christian Gottlob},
	year = {2022},
	keywords = {klemm},
}

@misc{lippert_wiener_2020,
	title = {Das {Wiener} {Theater} zwischen {Verlachkomödie} und rührendem {Lustspiel} - {Christian} {Gottlob} {Klemms} „{Die} {Wohlthaten} unter {Anverwandten}“ will erzieherisch wirken : literaturkritik.de},
	shorttitle = {Das {Wiener} {Theater} zwischen {Verlachkomödie} und rührendem {Lustspiel} - {Christian} {Gottlob} {Klemms} „{Die} {Wohlthaten} unter {Anverwandten}“ will erzieherisch wirken},
	url = {https://literaturkritik.de/klemm-wohlthaten-unter-anverwandten-wiener-theater-zwischen-verlachkomoedie-ruehrendem-lustspiel,26539.html},
	abstract = {Das Wiener Theater zwischen Verlachkomödie und rührendem LustspielChristian Gottlob Klemms „Die Wohlthaten unter Anverwandten“ will erzieherisch wirken},
	language = {de-DE},
	urldate = {2022-07-10},
	author = {Lippert, Maximilian},
	year = {2020},
	keywords = {klemm, kritik},
}

@article{abdulrahman_constructive_2017,
	title = {Constructive {Visual} {Analytics} for {Text} {Similarity} {Detection}},
	volume = {36},
	issn = {0167-7055},
	doi = {10.1111/cgf.12798},
	abstract = {Detecting similarity between texts is a frequently encountered text mining task. Because the measurement of similarity is typically composed of a number of metrics, and some measures are sensitive to subjective interpretation, a generic detector obtained using machine learning often has difficulties balancing the roles of different metrics according to the semantic context exhibited in a specific collection of texts. In order to facilitate human interaction in a visual analytics process for text similarity detection, we first map the problem of pairwise sequence comparison to that of image processing, allowing patterns of similarity to be visualized as a 2D pixelmap. We then devise a visual interface to enable users to construct and experiment with different detectors using primitive metrics, in a way similar to constructing an image processing pipeline. We deployed this new approach for the identification of commonplaces in 18th‐century literary and print culture. Domain experts were then able to make use of the prototype system to derive new scholarly discoveries and generate new hypotheses.
Detecting similarity between texts is a frequently encountered text mining task. Because the measurement of similarity is typically composed of a number of metrics, and some measures are sensitive to subjective interpretation, a generic detector obtained using machine learning often has difficulties balancing the roles of different metrics according to the semantic context exhibited in a specific collection of texts. In order to facilitate human interaction in a visual analytics process for text similarity detection, we first map the problem of pairwise sequence comparison to that of image processing, allowing patterns of similarity to be visualized as a 2D pixelmap.We then devise a visual interface to enable users to construct and experiment with different detectors using primitive metrics, in a way similar to constructing an image processing pipeline. We deployed this new approach for the identification of commonplaces in 18th‐century literary and print culture. Domain experts were then able to make use of the prototype system to derive new scholarly discoveries and generate new hypotheses.},
	language = {eng},
	number = {1},
	journal = {Computer graphics forum},
	author = {Abdul‐Rahman, A. and Roe, G. and Olsen, M. and Gladstone, C. and Whaling, R. and Cronk, N. and Morrissey, R. and Chen, M.},
	year = {2017},
	keywords = {Analysis, Analytics, Collection, Computer Science, Computer Vision and Pattern Recognition, Data mining, Detectors, Graphics software, Human relations, Hypotheses, I.3.6 [Computer Graphics]: Methodology and Techniques—Interaction techniques I.4.m [Image Processing and Computer Vision]: Miscellaneous I.7.5 [Document and Text Processing]: Document Capture—Document Analysis, Image processing, Machine learning, Machine vision, Mathematical analysis, Semantics, Sequences, Similarity, Texts, Visual Analytics, Visualization, Whaling},
	pages = {237--248},
}

@misc{noauthor_gateacuk_nodate,
	title = {{GATE}.ac.uk - sale/tao/index.html},
	url = {https://gate.ac.uk/sale/tao/index.html},
	urldate = {2022-07-17},
}

@article{perera_durm_nodate,
	title = {The {Durm} {German} {Lemmatizer}},
	language = {en},
	author = {Perera, Praharshana and Witte, Rene},
	pages = {21},
	file = {Perera und Witte - The Durm German Lemmatizer.pdf:/Users/lion/Zotero/storage/Z8SP5KBH/Perera und Witte - The Durm German Lemmatizer.pdf:application/pdf},
}

@book{antos_handbuch_2019,
	address = {Berlin ;},
	series = {Handbücher {Sprachwissen} ({HSW})},
	title = {Handbuch {Sprache} im {Urteil} der Öffentlichkeit / {Gerd} {Antos}, {Jürgen} {Spitzmüller}, {Thomas} {Niehr}.},
	isbn = {978-3-11-029615-0},
	abstract = {Sprache ist nicht nur Gegenstand linguistischer Reflexion. Auch außerhalb der Sprachwissenschaft werden Sprache, Sprachwandel und Sprachgebrauch vielfach thematisiert, diskutiert und bewertet. Das Handbuch Sprache im Urteil der Öffentlichkeit bietet einen Überblick über die Themen, Gegenstände und Kontroversen, die Erkenntnisverfahren und die Geschichte nichtlinguistischer Sprachreflexion sowie einen Einblick in sprachwissenschaftliche Theorien und Methoden ihrer Analyse und Beschreibung.Das Handbuch stellt dabei Theorien und Konzepte linguistischer Reflexivität (wie Metapragmatik, Sprachideologie, Sprachkritik) vor, es führt in Methoden der Sprachreflexionsanalyse (wie Diskursanalyse, Einstellungserhebung) ein, erläutert die Ansätze verschiedener Disziplinen, die sich mit Sprachreflexion befassen (bspw. Spracheinstellungsforschung, Folk Linguistics, Sprachideologieforschung, Linguistische Sprachkritik) und stellt historisch und aktuell virulente Themen öffentlicher Sprachreflexion (z.B. Sprache und Nation, Sprache und Gerechtigkeit, Sprachreinheit, Sprachkompetenz und Medien) sowie sprachwissenschaftliche Einschätzungen dazu vor.},
	language = {ger},
	number = {10},
	publisher = {De Gruyter,},
	author = {Antos, Gerd and Niehr, Thomas and Spitzmüller, Jürgen},
	year = {2019},
	keywords = {Linguistics, General, Laienlinguistik, LANGUAGE ARTS \& DISCIPLINES, Language Criticism, Lay Linguistics, Sprachkritik},
}

@book{verlag_das_wunderhorn_gmbh_aus_2018,
	address = {Heidelberg},
	title = {Aus {Mangel} an {Beweisen}: deutsche {Lyrik} 2008-2018 / herausgegeben von {Michael} {Braun} und {Hans} {Thill}.},
	isbn = {978-3-88423-601-7},
	shorttitle = {Aus {Mangel} an {Beweisen}},
	language = {ger},
	publisher = {Wunderhorn},
	author = {{Verlag Das Wunderhorn GmbH} and Braun, Michael and Thill, Hans},
	year = {2018},
	keywords = {21. Jahrhundert, Deutsch, Deutschsprachig, Geschichte 2008-2018, Lyrik, Lyrikanthologie},
}

@book{narr_francke_attempto_verlag_literatur_2017,
	address = {Tübingen},
	title = {Literatur und {Mehrsprachigkeit}: ein {Handbuch} / {Till} {Dembeck}/{Rolf} {Parr} ({Hrsg}.) ; unter {Mitarbeit} von {Thomas} {Küpper}.},
	isbn = {978-3-8233-6911-0},
	shorttitle = {Literatur und {Mehrsprachigkeit}},
	language = {ger},
	publisher = {Narr Francke Attempto},
	author = {{Narr Francke Attempto Verlag} and Dembeck, Till and Parr, Rolf and Küpper, Thomas},
	year = {2017},
	keywords = {Einsprachigkeit, Linguistik und Literaturwissenschaft, literarische Mehrsprachigkeit, Literatur, Mehrsprachigkeit, Theorie, Verfahren literarischer Mehrsprachigkeit, Weltliteratur},
}

@book{dembeck_literatur_2017,
	address = {DE},
	title = {Literatur und {Mehrsprachigkeit}},
	isbn = {978-3-8233-7911-9},
	url = {https://doi.org/10.2357/9783823379119},
	language = {de},
	urldate = {2022-07-18},
	publisher = {Gunter Narr Verlag},
	author = {Dembeck, Till},
	month = aug,
	year = {2017},
	file = {Dembeck - 2017 - Literatur und Mehrsprachigkeit.pdf:/Users/lion/Zotero/storage/PE7IKIEI/Dembeck - 2017 - Literatur und Mehrsprachigkeit.pdf:application/pdf},
}

@article{gramling_zur_2016,
	title = {Zur {Mehrsprachigkeitsforschung} in der interkulturellen {Literaturwissenschaft}: {Wende}, {Romanze}, {Rückkehr}?},
	volume = {7},
	issn = {1869-3660},
	shorttitle = {Zur {Mehrsprachigkeitsforschung} in der interkulturellen {Literaturwissenschaft}},
	doi = {10.14361/zig-2016-0109},
	language = {ger},
	number = {1},
	journal = {Zeitschrift für interkulturelle Germanistik},
	author = {Gramling, David},
	year = {2016},
	note = {Publisher: transcript Verlag},
	pages = {133--150},
	file = {Akzeptierte Version:/Users/lion/Zotero/storage/MNSSDINH/Gramling - 2016 - Zur Mehrsprachigkeitsforschung in der interkulture.pdf:application/pdf},
}

@misc{meibauer_einfuhrung_2015,
	title = {Einführung in die germanistische {Linguistik} / {Jörg} {Meibauer} ...},
	language = {ger},
	publisher = {Metzler},
	author = {Meibauer, Jörg},
	year = {2015},
	doi = {10.1007/978-3-476-05424-1},
	note = {Book Title: Einführung in die germanistische Linguistik
Edition: 3., überarb. und aktualisierte Aufl.
ISBN: 9783476054241
Place: Stuttgart},
	keywords = {Linguistics, Germanistik, Linguistics, general, Linguistik},
	file = {Volltext:/Users/lion/Zotero/storage/QHJYW2ZA/Meibauer - 2015 - Einführung in die germanistische Linguistik  Jörg.pdf:application/pdf},
}

@misc{noauthor_rstudio_2022,
	title = {{RStudio} {IDE}},
	url = {https://www.rstudio.com/products/rstudio/download/},
	abstract = {RStudio is a set of integrated tools designed to help you be more productive with R. It includes a console, syntax-highlighting editor that supports direct code execution, and a variety of robust tools for plotting, viewing history, debugging and managing your workspace.},
	language = {en},
	urldate = {2022-07-30},
	year = {2022},
	file = {Snapshot:/Users/lion/Zotero/storage/FGVQFE3M/download.html:text/html},
}

@misc{dracor_dracor_2022,
	title = {{DraCor} – {Drama} {Corpora} {Project}},
	url = {https://dracor.org},
	abstract = {DraCor is not a website. DraCor is a showcase for the concept of Programmable Corpora. It revolves around an API that provides data extracted from TEI-encoded corpora. This website – dracor.org – uses this API to showcase some of the extractable information. Some data can be downloaded through the web interface. The more powerful, direct access point is the documented API.},
	language = {en},
	urldate = {2022-07-31},
	author = {dracor, main},
	year = {2022},
	file = {Snapshot:/Users/lion/Zotero/storage/P4UMWEDL/dracor.org.html:text/html},
}

@misc{dracor_klemm_2022,
	title = {Klemm: {DraCor} – {Drama} {Corpora} {Project}},
	url = {https://dracor.org},
	abstract = {DraCor is not a website. DraCor is a showcase for the concept of Programmable Corpora. It revolves around an API that provides data extracted from TEI-encoded corpora. This website – dracor.org – uses this API to showcase some of the extractable information. Some data can be downloaded through the web interface. The more powerful, direct access point is the documented API.},
	language = {en},
	urldate = {2022-07-31},
	author = {dracor},
	year = {2022},
	keywords = {klemm},
	file = {Snapshot:/Users/lion/Zotero/storage/ATBIKBBH/klemm-der-besuch.html:text/html},
}

@misc{wikisource_besuch_1765,
	title = {Der {Besuch} ({Klemm}) – {Wikisource}},
	url = {https://de.wikisource.org/wiki/Der_Besuch_(Klemm)},
	language = {de},
	urldate = {2022-07-31},
	author = {wikisource and Klemm, Christian Gottlob},
	year = {1765},
	keywords = {klemm},
	file = {Snapshot:/Users/lion/Zotero/storage/6FX8L9XQ/Der_Besuch_(Klemm).html:text/html},
}

@misc{regexr_regexr_2022,
	title = {{RegExr}: {Learn}, {Build}, \& {Test} {RegEx}},
	shorttitle = {{RegExr}},
	url = {https://regexr.com/},
	abstract = {RegExr is an online tool to learn, build, \& test Regular Expressions (RegEx / RegExp).},
	urldate = {2022-07-31},
	journal = {RegExr},
	author = {regexr and Klemm, Christian Gottlob},
	year = {2022},
	keywords = {klemm, regex},
	file = {Snapshot:/Users/lion/Zotero/storage/PK7TLWZ5/6mr4b.html:text/html},
}

@misc{mdz_klemm_1767,
	title = {Klemm, {Christian} {Gottlob}: {Christian} {Gottlieb} {Klemm}'s {Beyträge} zum {Deutschen} {Theater}. 1, {Bild} 122 von 620 {\textbar} {MDZ}},
	url = {https://www.digitale-sammlungen.de/de/view/bsb10112352?page=122,123},
	urldate = {2022-07-31},
	author = {MDZ and Klemm, Christian Gottlob},
	year = {1767},
	keywords = {klemm, digitalisat, mdz},
	file = {Klemm, Christian Gottlob\: Christian Gottlieb Klemm's Beyträge zum Deutschen Theater. 1, Bild 122 von 620 | MDZ:/Users/lion/Zotero/storage/R2SQ7QHA/bsb10112352.html:text/html},
}

@misc{kurschner_klemm_1882,
	title = {Klemm, {Christian} {Gottlob} - {Deutsche} {Biographie}},
	copyright = {https://www.deutsche-biographie.de/impressum},
	url = {https://www.deutsche-biographie.de/gnd100303935.html},
	abstract = {Biografische Information zu Klemm, Christian Gottlob, Biografienachweise, Quellen, Quellennachweise, Literatur, Literaturnachweise Portrait, Porträtnachweise, Objekte, Objektnachweise,    Verbindungen,    Orte , Klemm, Christian Gottlob; Klemm, Chr. G.; Klemm, Chr. Gottlob; Klemm, Christian G.; Klemm, Christian Gottlieb},
	language = {de},
	urldate = {2022-07-31},
	author = {Kürschner, Joseph and ADB},
	year = {1882},
	note = {Publisher: Bayerische Staatsbibliothek},
	keywords = {klemm, adb, bio},
	file = {Snapshot:/Users/lion/Zotero/storage/FZBFH8XW/gnd100303935.html:text/html},
}

@misc{onb_klemm_1765,
	title = {Klemm: {Der} Österreichische {Patriot}: eine {Wochenschrift}. Ö{NB}.},
	url = {https://digital.onb.ac.at/OnbViewer/viewer.faces?doc=ABO_%2BZ184248300},
	urldate = {2022-07-31},
	author = {ÖNB and Klemm, Christian Gottlob},
	year = {1765},
	keywords = {klemm, digitalisat, önb},
	file = {Der Österreichische Patriot\: eine Wochenschrift. ÖNB:/Users/lion/Zotero/storage/ILAWD2VN/viewer.html:text/html},
}

@book{google_klemm_1765,
	title = {Klemm: {Der} Österreichische {Patriot}: eine {Wochenschrift} {\textbar} google books},
	shorttitle = {“{Der}” Österreichische {Patriot}},
	language = {de},
	publisher = {Gedruckt u. zu finden bey Georg Ludwig Schulz},
	author = {google and Klemm, Christian Gottlob},
	year = {1765},
	note = {Google-Books-ID: P2nXk3Ib9LkC},
	keywords = {klemm, digitalisat, google},
}

@misc{read-coop_transkribus_2022,
	title = {Transkribus},
	url = {https://readcoop.eu/transkribus/},
	abstract = {Transkribus User Conference 2022 Join us on 29-30 September to reconnect and learn about the latest advances in Handwritten Text Recognition. Learn more »},
	language = {en-GB},
	urldate = {2022-07-31},
	journal = {READ-COOP},
	author = {read-coop},
	year = {2022},
	keywords = {klemm, transkription},
	file = {Snapshot:/Users/lion/Zotero/storage/8Q67GCVF/transkribus.html:text/html},
}

@misc{dracor_klemm_2022-1,
	title = {Klemm: dracor {TEI}.},
	url = {https://dracor.org/api/corpora/ger/play/klemm-der-besuch/tei},
	abstract = {TEI conform},
	urldate = {2022-07-31},
	author = {dracor and Klemm, Christian Gottlob},
	year = {2022},
	file = {:/Users/lion/Zotero/storage/8XFBUF72/tei.xml:application/xml},
}

@misc{fischer_programmable_2019,
	address = {Utrecht},
	title = {Programmable {Corpora}: {Introducing} {DraCor}, an {Infrastructure} for the {Research} on {European} {Drama}},
	shorttitle = {Programmable {Corpora}},
	url = {https://zenodo.org/record/4284002},
	abstract = {DraCor (short for "drama corpora") is a growing collection of TEI-encoded plays in (mostly) European languages. The project showcases the concept of "Programmable Corpora", conceived as research ecosystems revolving around an API that provides access to bespoke slices of extracted data. DraCor also exposes a SPARQL endpoint to connect its semantic entities (authors, plays, characters, etc.) to the Linked Open Data cloud.},
	language = {eng},
	urldate = {2022-07-31},
	author = {Fischer, Frank and Börner, Ingo and Göbel, Mathias and Hechtl, Angelika and Kittel, Christopher and Milling, Carsten and Trilcke, Peer},
	month = jul,
	year = {2019},
	doi = {10.5281/zenodo.4284002},
	note = {Conference Name: Digital Humanities 2019: "Complexities" (DH2019)
Publisher: Zenodo},
	keywords = {dracor, Digital Humanities, Drama, Linked Open Data, Literary Studies, Text Encoding Initiative, main},
	file = {Zenodo Full Text PDF:/Users/lion/Zotero/storage/NCIF2PPA/Fischer et al. - 2019 - Programmable Corpora Introducing DraCor, an Infra.pdf:application/pdf},
}

@misc{drama_dracor_2022,
	title = {dracor xml model},
	url = {http://www.tei-c.org/release/xml/tei/custom/schema/relaxng/tei_drama.rng},
	abstract = {TEI scheme for drama pieces},
	author = {drama and dracor},
	year = {2022},
}

@misc{tei_history_1987,
	title = {History – {TEI}: {Text} {Encoding} {Initiative}},
	url = {https://tei-c.org/about/history/},
	urldate = {2022-07-31},
	author = {TEI},
	year = {1987},
	keywords = {tei, history},
	file = {History – TEI\: Text Encoding Initiative:/Users/lion/Zotero/storage/WNNUVZPN/history.html:text/html},
}

@misc{tei_tei_2022,
	title = {The {TEI} {Guidelines}},
	url = {https://tei-c.org/release/doc/tei-p5-doc/en/html/index.html},
	language = {SCHEME=iso639 en},
	urldate = {2022-07-31},
	author = {TEI},
	year = {2022},
	keywords = {tei, guidelines},
	file = {Snapshot:/Users/lion/Zotero/storage/AUFY9KCM/index.html:text/html},
}

@misc{franceschet_communities_2022,
	title = {Communities in igraph},
	url = {https://users.dimi.uniud.it/~massimo.franceschet/R/communities.html},
	urldate = {2022-08-01},
	author = {Franceschet, Massimo},
	year = {2022},
	keywords = {network, R},
	file = {Communities in igraph:/Users/lion/Zotero/storage/TA2RLQE4/communities.html:text/html},
}

@misc{poggel_10_2022,
	title = {10. {Sitzung}: {Netzwerkanalyse}},
	url = {https://lipogg.github.io/r-tutorium-website/tutorium10_11072022_netzwerke.html},
	urldate = {2022-08-01},
	author = {Poggel, Lisa},
	year = {2022},
	keywords = {network, R, tutorium},
	file = {10. Sitzung\: Netzwerkanalyse:/Users/lion/Zotero/storage/PMZTLWLA/tutorium10_11072022_netzwerke.html:text/html},
}

@article{pockelmann_lera_2022,
	title = {{LERA} - {An} interactive platform for synoptical representations of multiple text witnesses},
	url = {https://lera.uzi.uni-halle.de/about?lang=de},
	journal = {Digital Scholarship in the Humanities (DSH)},
	author = {Pöckelmann, Marcus and Medek, André and Ritter, Jörg and Molitor, Paul},
	year = {2022},
	keywords = {DH, LERA, sources},
}

@article{von_ammon_tertium_2018,
	title = {Tertium quid. {Uljana} {Wolfs} translinguale {Sendung}},
	volume = {28},
	issn = {0323-7982},
	url = {https://www.jstor.org/stable/26583303},
	abstract = {In der poetologischen Lyrik der Gegenwart werden einerseits Traditionen aus dem vergangenen Jahrhundert fortgesetzt, andererseits lassen sich aber auch neue Tendenzen beobachten, die man als ‚Pluralisierung‘ und ‚Internationalisierung‘ bezeichnen könnte. Der Beitrag geht diesen Entwicklungen anhand von Texten aus Uljana Wolfs jüngstem Gedichtband meine schönste lengevitch (2013) und aus seinem Umfeld nach und zeigt, wie Wolf in Auseinandersetzung mit hierzulande kaum bekannten Vorbildautoren aus den Vereinigten Staaten ihre translinguale Poetik entwickelt und in die poetische Praxis umsetzt. In contemporary poetological poetry one can observe the continuation of traditions stemming from the twentieth century, but also the emergence of new tendencies, which could be described as ‚pluralization‘ and ‚internationalization‘. This paper examines these tendencies with regard to Uljana Wolf's most recent volume of poetry meine schönste lengevitch (2013) as well as other texts, and shows how Wolf – in dialogue with poets from the United States hitherto unknown in this country – develops her translingual poetics and turns it into poetic practice.},
	number = {2},
	urldate = {2022-08-08},
	journal = {Zeitschrift für Germanistik},
	author = {von Ammon, Frieder},
	year = {2018},
	note = {Publisher: Peter Lang AG},
	pages = {275--289},
	file = {JSTOR Full Text PDF:/Users/lion/Zotero/storage/US5TPUVL/von Ammon - 2018 - Tertium quid. Uljana Wolfs translinguale Sendung.pdf:application/pdf},
}

@inproceedings{verlag_konigshausen__neumann_lyrik_2016,
	address = {Würzburg},
	series = {Saarbrücker {Beiträge} zur vergleichenden {Literatur}- und {Kulturwissenschaft} {Band} 78},
	title = {Lyrik transkulturell / herausgegeben von {Eva} {Binder}, {Sieglinde} {Klettenhammer}, {Birgit} {Mertz}-{Baumgartner}.},
	isbn = {978-3-8260-5796-0},
	language = {ger;eng},
	publisher = {Königshausen \& Neumann},
	author = {{Verlag Königshausen \& Neumann} and Binder, Eva and Klettenhammer, Sieglinde and Mertz-Baumgartner, Birgit},
	year = {2016},
	keywords = {Lyrik, deutschsprachige Lyrik, Interkulturalität, internationale Lyrik, Lyrik transkulturell},
}

@book{zipfel_lyrik_2022,
	address = {Berlin, Heidelberg},
	series = {Abhandlungen zur {Literaturwissenschaft}},
	title = {Lyrik der {Welt} - {Welt} der {Lyrik}: {Lyrik} und {Lyrikforschung} {Aus} {Komparatistischer} {Perspektive}},
	isbn = {978-3-662-63798-2},
	shorttitle = {Lyrik der {Welt} - {Welt} der {Lyrik}},
	url = {https://link.springer.com/book/10.1007/978-3-662-63799-9},
	language = {ger},
	publisher = {J. B. Metzler'sche Verlagsbuchhandlung \& Carl Ernst Poeschel GmbH},
	author = {Zipfel, Frank and Seiler, Sascha and Kopf, Martina and Heß, Jonas},
	collaborator = {Zipfel, Frank and Seiler, Sascha and Heß, Jonas and Kopf, Martina},
	year = {2022},
	doi = {10.1007/978-3-662-63799-9},
	note = {ISSN: 2520-8381},
	keywords = {Literature, Comparative Literature, J.B. Metzler Humanities, Literary Theory, Literature, general, Poetry and Poetics},
	file = {Snapshot:/Users/lion/Zotero/storage/25AINHAE/978-3-662-63799-9.html:text/html},
}

@misc{schlomo_ben__1599,
	title = {קובץ {\textbar} {Manuscript} {NNL}\_ALEPH000079321 {\textbar} {The} {National} {Library} of {Israel}},
	url = {https://www.nli.org.il/en/manuscripts/NNL_ALEPH000079321/NLI},
	abstract = {קובץ {\textbar} Digitized manuscripts {\textbar} מאה י"ד-ט"ז {\textbar} Manuscript},
	language = {en},
	urldate = {2022-08-08},
	author = {schlomo ben, schmuel},
	year = {1599},
	keywords = {ivrit, transkript},
	file = {Snapshot:/Users/lion/Zotero/storage/8EDNPL32/NLI.html:text/html},
}

@misc{einakter_einakter_2022,
	title = {Einakter: {Klemm}, {Christian} {Gottlob}: {Der} {Besuch}},
	url = {https://einakter.dracor.org/klemm-der-besuch},
	urldate = {2022-08-14},
	author = {einakter and Klemm, Christian Gottlob},
	year = {2022},
	file = {Einakter\: Klemm, Christian Gottlob\: Der Besuch:/Users/lion/Zotero/storage/XDDZSV5G/klemm-der-besuch.html:text/html},
}

@misc{cakir_dramatische_2022,
	address = {Potsdam},
	title = {Dramatische {Metadaten} - {Die} {Datenbank} deutschsprachiger {Einakter} 1740–1850},
	url = {https://zenodo.org/record/6327977},
	abstract = {Die Einakterdatenbank stellt Metadaten zu den zwischen 1740 und 1850 veröffentlichten deutschsprachigen Einakter zur Verfügung und bereitet sie für die literaturwissenschaftliche Forschung auf. Ein Beitrag zur 8. Tagung des Verbands "Digital Humanities im deutschsprachigen Raum" - DHd 2022 Kulturen des digitalen Gedächtnisses.},
	urldate = {2022-08-14},
	author = {Çakir, Dîlan Canan and Fischer, Frank},
	month = mar,
	year = {2022},
	doi = {10.5281/zenodo.6327977},
	note = {Conference Name: DHd 2022 Kulturen des digitalen Gedächtnisses. 8. Tagung des Verbands "Digital Humanities im deutschsprachigen Raum" (DHd 2022)
Publisher: Zenodo},
	keywords = {Literatur, Drama, API, Archivierung, Datenbank, DHd2022, Einakter, Metadaten},
	file = {Zenodo Full Text PDF:/Users/lion/Zotero/storage/47F3BDXX/Çakir und Fischer - 2022 - Dramatische Metadaten - Die Datenbank deutschsprac.pdf:application/pdf},
}

@book{killy_killy_2009,
	title = {Killy {Literaturlexikon}. {Band} 6 {Huh} – {Kräf}},
	isbn = {978-3-11-021394-2},
	url = {https://www.degruyter.com/document/doi/10.1515/9783110213942/html},
	language = {de},
	urldate = {2022-08-14},
	publisher = {De Gruyter},
	author = {Killy, Walter},
	month = sep,
	year = {2009},
	doi = {10.1515/9783110213942},
	note = {Publication Title: Band 6 Huh – Kräf},
	keywords = {klemm, bio, Literatur /Lexikon, Wörterbuch},
}

@misc{noauthor_computationally_nodate,
	title = {Computationally accelerated papyrology - {ProQuest}},
	url = {https://www.proquest.com/pagepdf/1682239512?accountid=11004},
	urldate = {2022-08-24},
}

@inproceedings{williams_computational_2014,
	title = {A computational pipeline for crowdsourced transcriptions of {Ancient} {Greek} papyrus fragments},
	doi = {10.1109/BigData.2014.7004460},
	abstract = {In the late nineteenth century, two excavators from the University of Oxford uncovered a vast trove of naturally deteriorated papyri, numbering over 500,000 fragments, from the city of Oxyrhynchus. With varying levels and forms of deterioration, the identification of a papyrus fragment can become a repetitive, long, and exhausting process for a professional papyrologist. The University of Oxford's Ancient Lives project aims to accelerate the identification process through citizen science (or crowdsourcing). In the Ancient Lives interface, volunteer users identify letters by clicking on a location in the image to designate the presence of a letter. To date, over 7 million letter identifications from users across the world have been recorded in the Ancient Lives database. In this paper, we present a computational pipeline for converting crowdsourced letter identifications made through the Ancient Lives interface into digital consensus transcriptions of papyrus fragments. We conclude by explaining the usefulness of the pipeline output in the context of additional computational projects that aim to further accelerate the identification process.},
	booktitle = {2014 {IEEE} {International} {Conference} on {Big} {Data} ({Big} {Data})},
	author = {Williams, Alex C. and Wallin, John F. and Yu, Haoyu and Perale, Marco and Carroll, Hyrum D. and Lamblin, Anne-Francoise and Fortson, Lucy and Obbink, Dirk and Lintott, Chris J. and Brusuelas, James H.},
	month = oct,
	year = {2014},
	keywords = {Accuracy, big data, crowdsourcing, Databases, Digital images, Educational institutions, human computation, Kernel, papyrus transcription, Pipeline processing, Pipelines},
	pages = {100--105},
}

@book{lit_among_2019,
	title = {Among {Digitized} {Manuscripts}. {Philology}, {Codicology}, {Paleography} in a {Digital} {World}},
	isbn = {978-90-04-40035-1},
	url = {https://brill.com/view/title/56196},
	language = {en},
	urldate = {2022-09-02},
	publisher = {Brill},
	author = {Lit, L. W. C. van},
	month = oct,
	year = {2019},
	keywords = {ivrit, Allgemein, Allgemein: Geschichte des Buchs \& Kartographie, Buchgeschichte und Kartographie, Geschichte, Geschichte \& Kultur, Konservierung, Kunstgeschichte, Manuskripte \& Drucke, Nahost- und Islamwissenschaften},
	file = {Full Text PDF:/Users/lion/Zotero/storage/GIKIHXTN/Lit - 2019 - Among Digitized Manuscripts. Philology, Codicology.pdf:application/pdf},
}

@article{kreuzmair_feeds_nodate,
	title = {Feeds, {Tweets} \& {Timelines} - {Schreibweisen} der {Gegenwart} in {Sozialen} {Medien}},
	language = {de},
	author = {Kreuzmair, Elias and Pflock, Magdalena and Schumacher, Eckhard},
	keywords = {DYN, media},
	pages = {265},
	file = {Kreuzmair et al. - Feeds, Tweets & Timelines - Schreibweisen der Gege.pdf:/Users/lion/Zotero/storage/DJADEGCU/Kreuzmair et al. - Feeds, Tweets & Timelines - Schreibweisen der Gege.pdf:application/pdf},
}

@book{bender_teil_2012,
	series = {Theaterperiodika des 18. {Jahrhunderts} {Bibliographie} und inhaltliche {Erschließung} deutschsprachiger {Theaterzeitschriften}, {Theaterkalender} und {Theatertaschenbücher}},
	title = {Teil 1 1750 - 1780: {Bd}. 1. {Bibliographie}, {Inhaltsverzeichnisse} und {Einzelregister}; {Bd}. 2. {Gesamtregister}},
	volume = {1},
	isbn = {978-3-11-097657-1},
	shorttitle = {Teil 1 1750 - 1780},
	url = {https://www.degruyter.com/document/doi/10.1515/9783110976571/html},
	language = {de},
	urldate = {2022-09-19},
	publisher = {De Gruyter Saur},
	author = {Bender, Wolfgang and Bushuven, Siegfried and Huesmann, Michael},
	month = oct,
	year = {2012},
	doi = {10.1515/9783110976571},
	note = {Publication Title: Teil 1 1750 - 1780},
	keywords = {Bibliographie, Deutsches Sprachgebiet, Geschichte 1750-1800, klemm, theater, Theaterzeitschrift, wien},
	file = {Full Text PDF:/Users/lion/Zotero/storage/DECBTB3F/2012 - Teil 1 1750 - 1780 Bd. 1. Bibliographie, Inhaltsv.pdf:application/pdf},
}
