
@misc{dracor_einakter_2022,
	title = {Einakter {Datenbank}: {Klemm} - {Der} {Besuch}.},
	url = {https://einakter.dracor.org/klemm-der-besuch},
	urldate = {2022-07-10},
	journal = {Einakter Datenbank},
	author = {dracor and Klemm, Christian Gottlob},
	year = {2022},
	keywords = {klemm},
}

@misc{lippert_wiener_2020,
	title = {Das {Wiener} {Theater} zwischen {Verlachkomödie} und rührendem {Lustspiel} - {Christian} {Gottlob} {Klemms} „{Die} {Wohlthaten} unter {Anverwandten}“ will erzieherisch wirken : literaturkritik.de},
	shorttitle = {Das {Wiener} {Theater} zwischen {Verlachkomödie} und rührendem {Lustspiel} - {Christian} {Gottlob} {Klemms} „{Die} {Wohlthaten} unter {Anverwandten}“ will erzieherisch wirken},
	url = {https://literaturkritik.de/klemm-wohlthaten-unter-anverwandten-wiener-theater-zwischen-verlachkomoedie-ruehrendem-lustspiel,26539.html},
	abstract = {Das Wiener Theater zwischen Verlachkomödie und rührendem LustspielChristian Gottlob Klemms „Die Wohlthaten unter Anverwandten“ will erzieherisch wirken},
	language = {de-DE},
	urldate = {2022-07-10},
	author = {Lippert, Maximilian},
	year = {2020},
	keywords = {klemm, kritik},
}

@misc{dracor_klemm_2022,
	title = {Klemm: {DraCor} – {Drama} {Corpora} {Project}},
	url = {https://dracor.org},
	abstract = {DraCor is not a website. DraCor is a showcase for the concept of Programmable Corpora. It revolves around an API that provides data extracted from TEI-encoded corpora. This website – dracor.org – uses this API to showcase some of the extractable information. Some data can be downloaded through the web interface. The more powerful, direct access point is the documented API.},
	language = {en},
	urldate = {2022-07-31},
	author = {dracor},
	year = {2022},
	keywords = {klemm},
	file = {Snapshot:/Users/lion/Zotero/storage/ATBIKBBH/klemm-der-besuch.html:text/html},
}

@misc{wikisource_besuch_1765,
	title = {Der {Besuch} ({Klemm}) – {Wikisource}},
	url = {https://de.wikisource.org/wiki/Der_Besuch_(Klemm)},
	language = {de},
	urldate = {2022-07-31},
	author = {wikisource and Klemm, Christian Gottlob},
	year = {1765},
	keywords = {klemm},
	file = {Snapshot:/Users/lion/Zotero/storage/6FX8L9XQ/Der_Besuch_(Klemm).html:text/html},
}

@misc{regexr_regexr_2022,
	title = {{RegExr}: {Learn}, {Build}, \& {Test} {RegEx}},
	shorttitle = {{RegExr}},
	url = {https://regexr.com/},
	abstract = {RegExr is an online tool to learn, build, \& test Regular Expressions (RegEx / RegExp).},
	urldate = {2022-07-31},
	journal = {RegExr},
	author = {regexr and Klemm, Christian Gottlob},
	year = {2022},
	keywords = {klemm, regex},
	file = {Snapshot:/Users/lion/Zotero/storage/PK7TLWZ5/6mr4b.html:text/html},
}

@misc{mdz_klemm_1767,
	title = {Klemm, {Christian} {Gottlob}: {Christian} {Gottlieb} {Klemm}'s {Beyträge} zum {Deutschen} {Theater}. 1, {Bild} 122 von 620 {\textbar} {MDZ}},
	url = {https://www.digitale-sammlungen.de/de/view/bsb10112352?page=122,123},
	urldate = {2022-07-31},
	author = {MDZ and Klemm, Christian Gottlob},
	year = {1767},
	keywords = {digitalisat, klemm, mdz},
	file = {Klemm, Christian Gottlob\: Christian Gottlieb Klemm's Beyträge zum Deutschen Theater. 1, Bild 122 von 620 | MDZ:/Users/lion/Zotero/storage/R2SQ7QHA/bsb10112352.html:text/html},
}

@misc{kurschner_klemm_1882,
	title = {Klemm, {Christian} {Gottlob} - {Deutsche} {Biographie}},
	copyright = {https://www.deutsche-biographie.de/impressum},
	url = {https://www.deutsche-biographie.de/gnd100303935.html},
	abstract = {Biografische Information zu Klemm, Christian Gottlob, Biografienachweise, Quellen, Quellennachweise, Literatur, Literaturnachweise Portrait, Porträtnachweise, Objekte, Objektnachweise, Verbindungen, Orte , Klemm, Christian Gottlob; Klemm, Chr. G.; Klemm, Chr. Gottlob; Klemm, Christian G.; Klemm, Christian Gottlieb. @mod},
	language = {de},
	urldate = {2022-07-31},
	author = {Kürschner, Joseph and ADB},
	year = {1882},
	note = {Publisher: Bayerische Staatsbibliothek},
	keywords = {adb, bio, klemm},
	file = {Snapshot:/Users/lion/Zotero/storage/FZBFH8XW/gnd100303935.html:text/html},
}

@misc{onb_klemm_1765,
	title = {Klemm: {Der} Österreichische {Patriot}: eine {Wochenschrift}. Ö{NB}.},
	url = {https://digital.onb.ac.at/OnbViewer/viewer.faces?doc=ABO_%2BZ184248300},
	urldate = {2022-07-31},
	author = {ÖNB and Klemm, Christian Gottlob},
	year = {1765},
	keywords = {digitalisat, klemm, önb},
	file = {Der Österreichische Patriot\: eine Wochenschrift. ÖNB:/Users/lion/Zotero/storage/ILAWD2VN/viewer.html:text/html},
}

@book{google_klemm_1765,
	title = {Klemm: {Der} Österreichische {Patriot}: eine {Wochenschrift} {\textbar} google books},
	shorttitle = {Der Österreichische {Patriot}},
	url = {https://books.google.de/books?id=P2nXk3Ib9LkC},
	language = {de},
	publisher = {Gedruckt u. zu finden bey Georg Ludwig Schulz},
	author = {google and Klemm, Christian Gottlob},
	year = {1765},
	note = {Google-Books-ID: P2nXk3Ib9LkC},
	keywords = {digitalisat, google, klemm},
}

@misc{read-coop_transkribus_2022,
	title = {Transkribus},
	url = {https://readcoop.eu/transkribus/},
	abstract = {Transkribus User Conference 2022 Join us on 29-30 September to reconnect and learn about the latest advances in Handwritten Text Recognition. Learn more »},
	language = {en-GB},
	urldate = {2022-07-31},
	journal = {READ-COOP},
	author = {read-coop},
	year = {2022},
	keywords = {klemm, transkription},
	file = {Snapshot:/Users/lion/Zotero/storage/8Q67GCVF/transkribus.html:text/html},
}

@misc{dracor_klemm_2022-1,
	title = {Klemm: dracor {TEI}.},
	url = {https://dracor.org/api/corpora/ger/play/klemm-der-besuch/tei},
	abstract = {TEI conform},
	urldate = {2022-07-31},
	author = {dracor and Klemm, Christian Gottlob},
	year = {2022},
	file = {:/Users/lion/Zotero/storage/8XFBUF72/tei.xml:application/xml},
}

@misc{einakter_einakter_2022,
	title = {Einakter: {Klemm}, {Christian} {Gottlob}: {Der} {Besuch}},
	url = {https://einakter.dracor.org/klemm-der-besuch},
	urldate = {2022-08-14},
	author = {einakter and Klemm, Christian Gottlob},
	year = {2022},
	file = {Einakter\: Klemm, Christian Gottlob\: Der Besuch:/Users/lion/Zotero/storage/XDDZSV5G/klemm-der-besuch.html:text/html},
}

@book{killy_literaturlexikon_2009,
	series = {Killy {Literaturlexikon}. {Autoren} und {Werke} des deutschsprachigen {Kulturraums}},
	title = {Literaturlexikon. {Band} 6 {Huh} – {Kräf}},
	volume = {6},
	isbn = {978-3-11-021394-2},
	shorttitle = {killy\_2009},
	url = {https://www.degruyter.com/document/doi/10.1515/9783110213942/html},
	language = {de},
	urldate = {2022-08-14},
	publisher = {De Gruyter},
	author = {Killy, Walter},
	editor = {Kühlmann, Wilhelm},
	month = sep,
	year = {2009},
	doi = {10.1515/9783110213942},
	note = {Publication Title: Band 6 Huh – Kräf},
	keywords = {bio, klemm, Literatur /Lexikon, Wörterbuch},
}

@book{bender_teil_2012,
	series = {Theaterperiodika des 18. {Jahrhunderts} {Bibliographie} und inhaltliche {Erschließung} deutschsprachiger {Theaterzeitschriften}, {Theaterkalender} und {Theatertaschenbücher}},
	title = {Teil 1 1750 - 1780: {Bd}. 1. {Bibliographie}, {Inhaltsverzeichnisse} und {Einzelregister}; {Bd}. 2. {Gesamtregister}},
	volume = {1},
	isbn = {978-3-11-097657-1},
	shorttitle = {Teil 1 1750 - 1780},
	url = {https://www.degruyter.com/document/doi/10.1515/9783110976571/html},
	language = {de},
	urldate = {2022-09-19},
	publisher = {De Gruyter Saur},
	author = {Bender, Wolfgang and Bushuven, Siegfried and Huesmann, Michael},
	month = oct,
	year = {2012},
	doi = {10.1515/9783110976571},
	note = {Publication Title: Teil 1 1750 - 1780},
	keywords = {Bibliographie, Deutsches Sprachgebiet, Geschichte 1750-1800, klemm, theater, Theaterzeitschrift, wien},
	file = {Full Text PDF:/Users/lion/Zotero/storage/DECBTB3F/2012 - Teil 1 1750 - 1780 Bd. 1. Bibliographie, Inhaltsv.pdf:application/pdf},
}
